2648 4852
490 404 746 470 PRAEFATlO.
1094 409 1132 474 ir

88 525 331 616 posterioribus
343 525 431 592 curis
445 527 564 593 melius
576 529 780 617 perspexisse
793 526 919 610 videor,
931 514 991 617 age
1002 552 1137 618 percen-

90 655 230 698 seamus.
242 635 369 698 Ponam
379 632 484 698 varias
492 656 625 723 quoque
636 634 971 722 scripturasmeorum
978 633 1138 701 librorum

90 739 306 826 insigniores,
320 737 388 803 suis
400 738 481 804 locis
493 762 512 803 a
524 762 578 803 me
592 740 826 829 praetermissas
830 788 900 803 .....

127 861 138 932 (
144 865 198 914 flas
208 875 299 914 autem
306 863 392 914 retias
400 861 528 914 lectiones
538 876 566 914 et
575 862 763 934 explicationes
775 865 828 915 suis
841 879 973 934 quemque
983 860 1049 914 locis
1061 880 1139 934 repo·

91 952 192 1002 suimus
199 971 208 1013 ;
221 962 386 1021 quapropter
395 947 440 1000 hic
452 949 557 1002 silentio
569 963 630 1003 aunt
642 950 836 1022 pretereunda.
850 951 962 1003 Editort's
973 948 1064 1020 nota.)

212 1052 278 1118 Sed
296 1076 433 1117 manum
451 1052 493 1118 de
510 1053 631 1119 tabula.
650 1054 760 1119 Habes
778 1055 856 1120 satis
875 1054 1006 1141 longam
1027 1076 1141 1142 pecca·

91 1175 204 1222 torum
224 1157 388 1238 indicem,
407 1159 484 1224 licet
504 1161 614 1225 minus
638 1159 777 1225 densum
796 1160 889 1223 illum
911 1161 944 1224 in
966 1160 1140 1248 postremis

91 1261 201 1344 hisee,
216 1264 344 1353 quippe
360 1263 509 1328 nondum
531 1266 751 1354 «refrigerato
768 1265 967 1329 inventionis
986 1288 1108 1329 amore.
1124 1294 1138 1326 n

90 1371 174 1452 Quae
188 1384 302 1433 tamen
314 1368 369 1433 hic
384 1386 461 1434 sunt
475 1371 613 1458 repetita
629 1387 661 1435 et
674 1387 861 1451 retractata,
877 1394 971 1459 aeque
986 1393 1023 1435 ac
1041 1386 1141 1460 typo·

91 1474 212 1563 graphi
224 1496 372 1555 errores,
385 1474 475 1540 leves
486 1475 681 1565 plerosque,
697 1498 895 1566 quamquam
909 1476 1007 1540 nimis
1019 1476 1142 1542 multos

90 1602 155 1668 pro
177 1579 365 1667 diligentia,
389 1582 519 1670 quaein
542 1582 745 1670 corrigendis
766 1582 905 1671 plagulis
926 1580 1072 1647 adhibita
1093 1599 1145 1647 est

92 1706 241 1766 summa,
264 1700 303 1749 ut
321 1707 518 1773 percensere
537 1706 580 1751 ne
599 1688 757 1775 graveris,
776 1701 953 1776 antequam
971 1686 1013 1751 ad
1033 1687 1143 1776 ipsum

91 1813 180 1879 opus
190 1788 371 1879 legendum
382 1790 531 1871 accedas,
543 1793 694 1880 impense
704 1809 736 1856 te
746 1812 841 1881 rogo,
853 1791 957 1856 lector
965 1790 1143 1869 benevole,

92 1896 190 1986 cujus
201 1895 339 1986 quidem
349 1895 477 1986 judicio
485 1898 555 1987 jam
567 1923 621 1963 nte
634 1922 793 1988 meosque
804 1897 934 1964 labores
946 1898 1061 1963 volens
1071 1920 1146 1987 per-

91 2003 203 2067 mitto.
228 2002 388 2092 Reliquos
406 2004 600 2085 Quintiliani
618 2004 898 2075 libroscontinuo
915 2027 970 2069 me
991 2004 1146 2069 daturum

93 2130 205 2196 spero.
226 2107 365 2172 Interim
381 2109 481 2189 scito,
501 2109 596 2198 prelo
613 2109 799 2198 subjectum
815 2098 917 2174 luisse
932 2110 1146 2196 Bipontinum

93 2212 267 2300 scriptoris
277 2213 344 2276 mei
358 2215 561 2303 exemplum,
574 2215 609 2276 in
622 2215 743 2303 quusi,
759 2232 849 2278 nunc
862 2213 1044 2293 mutandis,
1057 2235 1147 2277 nunc

93 2316 282 2383 retinendis
298 2320 536 2385 sententiarum
555 2317 822 2398 diremtionibus,
837 2318 911 2406 plus
923 2317 1035 2396 etiam,
1047 2330 1148 2407 quam

93 2423 256 2503 indicavi,
273 2439 323 2489 est
339 2424 524 2506 turbatum,
540 2426 671 2493 veniam
686 2440 775 2514 peto.
792 2422 881 2487 Dum
895 2445 976 2487 vero
991 2422 1061 2510 ipsa
1075 2419 1148 2485 haec

94 2529 249 2620 praefatio
259 2532 346 2621 typis
358 2534 562 2621 exprimitur,
576 2534 722 2622 effigiem
732 2532 859 2596 nummi
870 2531 957 2595 illius
970 2527 1146 2608 Patiniani,

94 2635 252 2700 habentis
271 2658 394 2701 nomen
412 2639 624 2720 Quintiliani,
644 2639 687 2703 de
706 2661 775 2727 quo
792 2658 892 2725 supra
912 2635 995 2714 dixi,
1014 2658 1147 2699 mecum

96 2741 358 2807 communicarit
376 2743 427 2806 vir
446 2743 614 2823 eruditus,
639 2745 824 2832 litterisque
838 2736 995 2833 juvandis
1017 2762 1150 2829 semper

98 2848 265 2926 intentus,
291 2846 472 2929 Kirchhof,
497 2867 630 2915 senator
653 2849 931 2937 Hamburgensis,
957 2869 1149 2912 concessam

98 2954 163 3019 sibi
176 2952 220 3018 ab
235 2952 454 3019 illustrissima
470 2954 724 3046 doctissimaque
741 2956 861 3022 comite
876 2951 1085 3032 Bentinckia,
1101 2953 1149 3041 ip·

99 3062 169 3126 sius
189 3061 321 3125 nummi
345 3060 488 3140 domina.
512 3068 658 3152 Apparet
680 3063 727 3127 ibi
750 3084 787 3127 os
808 3060 947 3149 Augusti
971 3059 1149 3138 aliorsum,

101 3177 204 3259 quem
226 3167 263 3231 in
282 3167 388 3231 Potitii
408 3169 535 3257 effigie,
559 3185 729 3258 spectans,
751 3167 905 3232 videlicet
925 3164 1149 3230 sinistrorsum

101 3272 187 3337 illud
201 3274 421 3339 convetetur.
445 3277 472 3339 G
489 3292 600 3340 antem
617 3277 696 3341 satis
714 3274 889 3338 manifesto
908 3271 1098 3360 agnoscitur
1115 3273 1150 3334 in

102 3378 255 3457 nomine,
270 3394 472 3470 quamquam
484 3379 595 3472 aliqua
607 3397 656 3447 est
667 3381 851 3447 litterarum
864 3377 1046 3444 obscuritas
1061 3374 1116 3462 (6).
