2648 4852
144 419 1154 447 *mmmmmfflfflmmmmm

152 643 228 775 tl.
267 642 511 771 FABII
549 642 1152 799 QUINTILIANI
1220 673 1226 684 ’

417 943 876 1067 ORATORIAE

220 1242 1075 1403 INSTITUTIONIS

511 1560 714 1651 LIBER
745 1563 780 1650 Ι.

579 1822 720 1844 Μ

164 1997 216 2068 ln
228 1999 524 2071 MARCELLUM
538 1997 808 2070 VICTORIUM
820 2008 829 2042 ¹
844 1999 1138 2071 PROOEMIUM,

145 2200 240 2309 POST
258 2236 477 2336 impetratam
494 2237 613 2309 studiis
629 2237 715 2308 meis
731 2237 903 2336 quietem,
920 2260 997 2333 quae
1014 2249 1028 2280 ²
1043 2262 1105 2334 per
1118 2236 1165 2305 vi·
1203 2279 1215 2314 r

141 2349 215 2445 giuti
226 2348 361 2422 annos³
374 2350 571 2422 erudiendis
582 2349 771 2452 juvenibus
785 2348 1040 2447 impenderam,
1053 2375 1165 2446 quum

140 2490 156 2534 a
176 2491 231 2536 me
254 2464 399 2563 quidam
421 2464 634 2536 familiariter
654 2464 882 2564 postularent,
908 2482 946 2534 ut
968 2462 1099 2560 aliquid
1123 2461 1166 2532 dc

138 2578 259 2650 ratione
276 2577 413 2650 dicendi
427 2605 693 2677 componerem,
711 2579 770 2650 diu
784 2605 863 2650 sum
880 2577 1043 2675 equidem
1059 2575 1167 2647 reluc-

136 2710 231 2764 tatus:
245 2692 342 2791 quod
355 2713 509 2764 auctores
521 2694 697 2792 utriusque
712 2693 839 2792 linguae
850 2688 867 2785 4
879 2691 1081 2764 clarissimos
1093 2717 1166 2762 nou

166 2912 190 2949 r.,
200 2892 245 2946 Aa
255 2892 410 2946 Marcellum
422 2896 573 2948 Victoriam.
584 2894 626 2947 nd
706 2915 730 2948 2.
739 2895 864 2966 Quietem,
870 2911 936 2967 que.
945 2894 1070 2963 Quietem,
1076 2910 1164 2964 quam.

133 2970 624 3048 huncepistolamscripsitStatiusSylv.
669 2975 748 3028 Goth.
762 2989 865 3027 tacente
876 2976 1007 3038 Gesnero,
1020 2972 1067 3024 sed
1078 2972 1164 3023 Guelf.

132 3049 146 3102 l.
159 3054 201 3117 lV,
213 3069 294 3102 carm.
312 3051 345 3118 4,
360 3055 404 3123 qui
420 3066 447 3104 et
462 3054 549 3124 ipsum
565 3073 626 3104 eum
669 3067 740 3106 recte
752 3071 816 3125 quoe.
835 3082 869 3094 -
883 3053 953 3122 Quoe.
968 3055 1017 3101 Pro
1030 3067 1087 3122 quoe
1098 3048 1164 3102 cod.

132 3128 258 3201 sylvarum
268 3129 364 3182 librum
376 3133 400 3181 ei
412 3130 554 3197 dedicavit,
563 3151 627 3204 prae·
669 3135 699 3184 R.
717 3151 726 3184 1
743 3132 824 3184 habet
835 3149 923 3204 quam.
938 3133 1043 3182 Eurron.

131 3207 226 3259 latione
240 3206 364 3278 pedestri.
380 3210 470 3261 Discat
485 3212 625 3262 ecarmiue
705 3211 730 3263 3,
750 3212 802 3262 Per
820 3209 912 3282 viqintt'
930 3226 1020 3259 annor.
1039 3209 1167 3279 Expressa

131 3282 260 3352 Statiano,
275 3305 336 3338 eum
348 3285 502 3358 eloquentiae
514 3290 625 3342 forensis
669 3289 719 3339 fuit
731 3290 815 3339 omnis
827 3287 883 3338 hac
897 3288 963 3337 ratio
975 3287 1088 3337 muneris
1101 3284 1167 3336 doe·

130 3361 204 3416 laude
229 3364 332 3416 clarum
355 3366 457 3432 fuisse,
482 3369 626 3439 gratiosum
669 3369 733 3419 toris
755 3366 873 3440 publici,
895 3365 977 3436 qualis
997 3367 1096 3438 primus
1117 3366 1168 3416 fuir

131 3442 198 3513 apud
209 3444 407 3510 Domitianum,
419 3448 572 3518 magnisque
584 3465 626 3497 re-
670 3457 768 3510 noster,
778 3443 812 3496 ad
821 3442 1016 3496 similitudinem
1025 3443 1168 3516 stipendio·

130 3518 176 3572 bus
187 3520 324 3590 gerendis,
336 3524 415 3574 etiam
422 3522 536 3590 bellicis,
548 3542 626 3597 para·
669 3543 743 3586 rum,
757 3537 787 3574 ut
800 3535 862 3594 post
872 3524 962 3594 viginti
976 3523 1106 3594 stipendia
1117 3522 1167 3575 do·

131 3611 197 3662 tum,
215 3612 257 3666 et,
273 3618 355 3671 quum
370 3603 426 3673 ipse
439 3605 542 3673 juvenis
559 3617 626 3656 esset
670 3601 760 3668 cendi,
770 3603 837 3653 sicut
845 3614 907 3673 post
916 3601 1026 3652 totidem
1033 3601 1167 3666 militaria,

131 3675 155 3730 lt.
166 3696 187 3730 e.
198 3697 299 3731 annum
308 3679 341 3732 35
351 3679 469 3732 nondum
479 3699 627 3752 supergres·
669 3683 819 3734 missionem
839 3676 977 3732 honestam
998 3683 1167 3751 impetrarent

132 3771 187 3821 sus,
202 3755 328 3810 habuisse
343 3757 442 3824 filium,
455 3776 487 3810 ex
498 3777 626 3830 generosa
669 3761 807 3827 doctores,
820 3763 865 3832 qui
879 3778 936 3813 mos
950 3762 978 3812 in
993 3760 1078 3831 legem
1094 3760 1165 3816 abiit,

132 3849 209 3886 uxore
217 3847 385 3907 susceptum,
394 3839 501 3889 nomine
507 3837 626 3905 Gallum,
670 3839 729 3894 Vid.
740 3841 880 3892 iustiniani
891 3839 956 3891 Cod.
969 3841 1030 3907 ΧΠ,
1045 3838 1084 3891 ι5.

136 3914 190 3981 qui,
205 3917 275 3985 patri
287 3914 363 3967 valde
377 3914 504 3983 dilectus,
520 3920 626 3989 ingenio
705 3917 731 3985 4.
746 3918 881 3989 Utriusque
894 3916 998 3990 linqua.
1012 3918 1110 3969 «Docte
1118 3934 1169 3968 ser-

136 3991 248 4045 etfavore
256 3995 382 4066 principis
389 3994 423 4046 ad
430 4014 545 4049 summos
552 4015 629 4068 quos·
674 4016 783 4049 emoriar
794 3998 924 4070 utriusque
936 3995 1060 4069 linquens
1076 3998 1166 4047 Horat.
1263 4025 1265 4029 ν

138 4082 181 4144 que
187 4070 302 4125 honores
306 4085 397 4147 posset
407 4076 529 4145 aspirare.
540 4076 626 4130 Satio.
672 4077 722 4132 od.
733 4079 781 4144 111,
791 4078 822 4144 8,
834 4075 865 4143 5,
875 4089 903 4129 et
913 4075 950 4128 ihi
961 4075 1101 4128 Bentleius.
1113 4074 1166 4127 Gir.
