2648 4852
145 387 1171 430 Q

349 582 422 680 tn
452 562 960 695 PRAEFATIONEM

211 780 215 788 “
288 817 491 892 cuono.
521 821 720 895 eonor.
751 824 1024 900 srsnmno

402 1049 570 1126 NOTAE
596 1050 901 1133 EDITORIS.

167 1504 207 1576 (ι)
222 1506 344 1558 Celerem
355 1509 448 1560 secrevi
457 1508 549 1562 diversi
562 1511 662 1583 qenen's
676 1521 757 1564 notas.
770 1512 858 1565 Alium
869 1508 969 1566 morem
980 1515 1008 1566 in
1020 1513 1071 1566 hac
1082 1526 1172 1566 nostra

132 1588 248 1646 editione
262 1598 344 1648 secuti
358 1614 455 1650 sumus.
473 1598 533 1651 Scil.
551 1598 624 1670 qnod
639 1613 784 1652 secreverat
800 1616 901 1668 auctor,
918 1602 1006 1655 denuo
1020 1606 1172 1675 junximus;

130 1680 168 1731 ita
182 1692 283 1749 tamen,
297 1697 341 1750 ut,
355 1703 411 1755 quas
423 1686 544 1739 eruendae
555 1689 689 1740 sententiae
701 1706 780 1742 cause
792 1692 915 1742 institutae
928 1692 1017 1743 forent
1030 1705 1113 1757 notu,
1128 1708 1172 1743 ees

131 1782 284 1822 constanter
295 1770 329 1822 ad
339 1786 438 1826 textum
451 1789 477 1828 et
487 1777 571 1828 varias
583 1780 639 1847 ejus
650 1776 777 1830 lectiones
789 1791 910 1850 spectans
924 1780 1015 1830 critica
1027 1792 1092 1832 ncta
1106 1797 1172 1850 prte-

131 1855 245 1910 cederet.
260 1862 300 1912 De
311 1873 402 1914 nostro
414 1862 524 1917 consilio
536 1864 662 1916 lectorem
673 1882 811 1918 monemus
822 1868 850 1918 in
861 1869 993 1938 premissa
1004 1878 1095 1919 nostre
1106 1885 1173 1938 prte-

132 1944 240 1999 satione.

165 2034 205 2106 (ι)
220 2037 258 2087 Et
269 2037 297 2087 in
315 2037 424 2091 Valente
439 2039 545 2111 insiqnis
560 2039 679 2090 mandati
694 2040 791 2112 nepotii
806 2040 913 2092 incuria.
930 2042 970 2093 De
982 2039 1035 2092 boc
1046 2058 1173 2104 nummo,
1208 2092 1211 2097 ,

131 2120 191 2174 vide
200 2124 268 2175 infra
280 2123 314 2175 ad
325 2141 416 2178 notam
427 2127 452 2178 6.

165 2210 204 2281 (3)
213 2210 361 2283 Affectator
369 2214 529 2288 eloquentie.
543 2216 588 2268 His
601 2235 658 2288 que
669 2218 727 2268 fuse
740 2230 766 2269 et
777 2217 910 2288 eleganter
918 2216 1040 2270 dissentit
1049 2216 1175 2288 Spalding

129 2296 208 2351 nobis
221 2299 300 2352 liceat
314 2320 443 2355 summam
456 2304 640 2358 Dodwellianae
655 2307 788 2358 sententia
802 2304 835 2357 de
850 2306 1011 2374 Quintiliano
1026 2305 1173 2377 subjicere,

130 2405 211 2457 quam
225 2407 257 2440 ex
268 2408 368 2462 nupera
379 2392 513 2445 Juvenalis
525 2393 640 2445 editione
652 2412 667 2444 a
679 2397 712 2445 N.
725 2394 753 2444 L.
767 2391 909 2445 Achaintre
923 2411 983 2444 ann.
1003 2394 1068 2444 1810
1082 2391 1173 2444 litteris

129 2472 207 2528 bonis
226 2476 315 2529 oblata
333 2497 503 2550 excerpemus
524 2480 562 2551 (t.
582 2482 609 2547 1,
627 2501 653 2552 p.
676 2480 762 2550 a9o):
782 2478 912 2530 namhoc
932 2482 1173 2551 prestantissimum

128 2562 259 2616 Dodwelli
277 2584 361 2636 opus,
380 2569 421 2619 sin
439 2570 585 2638 integnrm‚
601 2582 627 2619 ut
646 2568 738 2620 saltem
753 2585 853 2637 magna·
866 2587 897 2618 ex
912 2582 986 2639 parte
1002 2567 1124 2620 dabimus
1141 2565 1174 2618 ad

129 2650 230 2703 calcem
242 2652 364 2706 editionis
375 2654 469 2725 hujus,
480 2675 562 2726 quum
571 2655 666 2707 devita
675 2655 829 2722 Quintiliani
841 2673 955 2725 agemus.
969 2659 1006 2707 Ea
1018 2670 1108 2708 autem
1120 2668 1172 2707 est:

132 2740 209 2806 «Ita,
225 2741 403 2809 Quintilianus
419 2756 523 2808 noster,
540 2746 562 2795 si
577 2762 643 2794 vere
662 2756 722 2794 sunt
740 2745 913 2813 conjecturae,
929 2761 945 2792 a
960 2742 1044 2794 Galba
1060 2745 1174 2814 primum

128 2826 220 2880 schola
233 2828 357 2900 publica,
372 2843 398 2882 et
411 2829 542 2902 stipendio
556 2830 682 2902 publico,
698 2829 745 2882 sed
761 2829 886 2882 mediocri
902 2829 1031 2895 donatus,
1048 2829 1174 2882 deindea

127 2917 279 2969 Domitiano
292 2917 435 2990 nepotibus
449 2922 502 2972 suis
515 2917 682 2970 instituendis
696 2919 850 2989 praefectus,
865 2916 912 2970 sed
925 2920 1011 2990 parvis
1026 2937 1087 2970 cum
1102 2937 1174 2971 emo·

128 3000 267 3072 lumentis,'
277 3020 302 3058 et
314 3005 434 3058 modicus
447 3007 496 3058 sub
507 3009 613 3078 Trajani
624 3006 749 3077 imperio,
762 3006 794 3057 ab
805 3004 952 3072 Hadriano,
964 3006 1013 3058 sub
1026 3007 1106 3058 finem
1117 3007 1175 3058 vite

128 3110 198 3157 sure,
217 3092 252 3143 ad
267 3112 332 3165 opes
349 3108 374 3146 et
389 3097 536 3166 potentiam
552 3094 656 3160 subito,
674 3113 704 3145 ac
723 3113 771 3165 per
785 3094 865 3146 breve
882 3107 985 3165 tempus
1003 3109 1109 3147 erectus
1126 3106 1171 3146 est.

128 3180 209 3249 Quod
220 3181 382 3252 exemplum,
395 3184 417 3234 si
427 3183 539 3234 fortunae
551 3182 642 3234 tribuit
652 3182 801 3248 luvenalis,
813 3202 899 3253 neque
910 3185 999 3234 virtuti
1010 3201 1097 3253 neque
1109 3182 1176 3234 doc-

127 3271 202 3321 trinae
216 3271 280 3335 viri,
294 3289 349 3323 non
360 3269 422 3323 ideo
433 3270 536 3323 invidie
547 3284 611 3322 nota
625 3272 649 3321 ei
662 3270 790 3322 inurenda
802 3284 856 3333 est;
870 3289 945 3336 nam,
960 3284 986 3322 et
998 3269 1051 3321 hoc
1065 3269 1174 3322 themati

129 3376 178 3409 suo
196 3359 388 3411 conveniebat:
409 3372 450 3425 et,
469 3360 571 3430 reipsa,
589 3358 714 3429 singulari
732 3358 847 3429 quodam
864 3360 919 3411 fato
938 3361 1064 3427 contigit,
1084 3371 1114 3410 nt
1131 3357 1173 3410 ille

130 3449 193 3518 qui,
205 3445 269 3497 dum
281 3448 384 3518 scriptis
396 3448 449 3498 suis
462 3461 488 3498 et
499 3449 607 3498 scientia
618 3448 751 3498 Romanos
763 3446 919 3510 illustraret,
931 3443 1050 3496 modicus
1064 3445 1116 3496 fnit
1127 3433 1173 3516 per

129 3537 296 3606 septuaginta
312 3552 411 3598 annos;
428 3534 535 3587 tandem
554 3553 634 3605 quum
652 3554 668 3585 a
685 3536 749 3586 vivis
763 3552 915 3586 excessurus
932 3531 1078 3598 videretur,
1096 3535 1124 3583 in
1142 3551 1172 3583 eo

127 3624 187 3693 ipso
199 3621 349 3688 Hadriano,
363 3622 498 3693 quondam
509 3612 610 3694 privato
621 3636 646 3674 et
658 3621 788 3694 discipulo
801 3641 863 3687 suo,
875 3616 1031 3690 generosum
1043 3622 1172 3672 fautorem

128 3723 208 3781 atque
220 3710 332 3761 fortune
344 3711 440 3781 iniquae
453 3711 648 3764 emendatorem
659 3713 793 3782 reperiret.
805 3734 816 3757 a

163 3796 203 3866 (4)
215 3798 293 3868 Infra
305 3797 486 3863 undecimum,
502 3809 547 3849 etc.
563 3800 710 3868 Descriptio
722 3797 801 3868 hujus
813 3796 916 3849 Codicis
930 3794 1003 3846 haud
1017 3798 1079 3846 satis
1094 3801 1178 3846 ac'cn-

128 3882 313 3952 mandetur,
327 3903 394 3956 pace
408 3888 473 3938 tanti
486 3888 534 3937 viri
547 3885 673 3938 dicamus.
688 3886 729 3938 Ab
745 3899 839 3937 octavo
853 3887 924 3936 enim
935 3882 1030 3935 saeculo
1044 3883 1077 3933 ad
1089 3883 1185 3934 unde-

129 3975 243 4038 cimum,
257 3971 324 4025 adeo
339 3972 468 4026 diversam
481 3992 509 4026 se
526 3973 640 4026 ostendit
657 3973 838 4025 characterum
853 3972 954 4036 forma,
971 3984 1000 4020 ut
1017 3969 1124 4022 difficile
1141 3971 1188 4021 sit

128 4063 184 4115 tiro
202 4063 288 4135 perito
307 4074 333 4116 ct
349 4063 473 4120 attentius
489 4062 666 4118 consideranti
681 4062 723 4116 vel
739 4063 806 4115 inter
824 4060 877 4113 duo
897 4059 991 4114 secula
1009 4057 1114 4112 haerere.
1134 4060 1191 4111 Fet
