2648 4852
232 409 270 453 ιο
460 381 634 450 GEORG.
659 381 768 446 LUD.
792 381 1029 447 SPALDING

229 524 262 572 et
273 529 316 572 ne
326 522 415 572 certo
428 504 565 602 quidem
577 520 626 570 est
640 503 801 592 scripture
815 502 915 593 hujus
929 506 1029 570 vocis.
1048 508 1087 570 ln
1101 524 1193 574 tanto
1207 508 1266 576 ho·

227 629 347 676 norum
356 611 485 699 fastigio
495 611 673 676 collocatus
684 608 819 674 oblatae
828 609 934 673 Plinio
945 610 1080 676 Lmillia
1091 613 1267 679 nummum

227 719 280 782 vix
291 717 400 805 potuit
411 739 479 779 non
494 715 673 803 indignari,
691 713 806 779 sedne
823 713 964 780 idoneus
975 715 1112 805 quidem
1123 717 1266 800 videtur,

227 823 284 911 qui
293 845 313 886 a
323 821 483 886 Juvenale
493 837 660 910 tamquam
669 838 858 909 temporum
868 842 1005 885 suorum
1015 821 1144 909 insigne
1156 824 1267 890 divitis

226 926 367 992 rhetoris
394 924 580 1013 exemplum
605 923 797 991 ostentetur.
824 926 1050 996 Refert'enim
1070 927 1113 992 ad
1134 951 1267 995 censam

226 1033 332 1111 illam,
348 1052 448 1122 quam
463 1031 530 1118 agit
545 1046 659 1119 poeta,
676 1031 912 1111 dirimendam,
927 1032 1038 1097 vivere
1050 1049 1117 1097 tam
1135 1035 1266 1101 Felicem

225 1136 342 1202 orandi
359 1153 597 1225 praeceptorem
615 1161 653 1202 ea
671 1139 741 1226 ipsa
759 1154 949 1224 tempestate
966 1160 1032 1227 qne
1049 1139 1139 1204 solus
1159 1142 1268 1206 Caesar

225 1241 449 1326 (Hadrianum
468 1242 632 1331 intellige)
653 1245 758 1308 tristes
777 1241 953 1308 Camoenas
973 1236 1155 1330 respexerit
1170 1247 1265 1328 (luv.

226 1348 290 1413 Sat.
303 1349 381 1426 Vll,
402 1371 434 1427 ι,
454 1350 500 1433 2).
518 1348 650 1437 Alioqui
665 1350 753 1412 enim
768 1348 862 1438 cujus
876 1347 1010 1413 tandem
1024 1366 1074 1414 est
1087 1350 1265 1431 momenti,

227 1451 318 1544 quod
333 1451 525 1540 aliquando,
541 1453 603 1518 sub
618 1455 822 1535 Domitiano,
841 1453 933 1520 dive's
947 1455 1011 1520 fuit
1024 1452 1269 1537 Quintilianus?

226 1555 290 1622 Sed
300 1557 400 1621 habet
406 1574 495 1622 totus
502 1559 563 1623 iste
570 1561 588 1623 J
591 1559 738 1624 uvenalis
747 1560 850 1639 locus,
862 1560 897 1624 in
908 1559 1028 1650 quibus
1035 1560 1170 1626 haereee
1179 1562 1268 1628 Olim

226 1663 295 1725 fere
305 1664 375 1726 VV.
389 1665 459 1727 DD.
474 1665 606 1743 iratum,
620 1664 663 1729 ob
674 1681 806 1751 negatas
818 1665 853 1728 in
864 1686 965 1752 opere
978 1687 1040 1729 suo
1049 1664 1179 1745 laudes,
1193 1665 1268 1731 rhe-

225 1770 290 1832 tori
309 1785 441 1856 poetam
457 1770 655 1835 videbantur
672 1771 735 1836 sibi
753 1793 949 1860 agnoscere,
968 1773 1170 1859 argumentis
1189 1795 1268 1838 sane

225 1873 374 1939 infirmis.
396 1878 565 1956 Attamen,
586 1898 709 1965 exque
727 1876 799 1943 haec
817 1878 1045 1964 interpretatio
1056 1878 1158 1966 vulgo
1176 1878 1267 1968 rejici

226 1981 341 2068 coepit,
356 2004 473 2068 pamm
487 1980 665 2046 attendisse
680 2004 737 2047 eos
755 1981 843 2046 dicas
858 1981 1051 2046 universum
1063 1982 1163 2072 hujus
1177 2006 1268 2050 com-

226 2088 472 2152 memorationis
487 2087 649 2167 colorem,
668 2087 726 2176 qui
744 2087 887 2151 amicum
904 2101 937 2151 et
953 2087 1119 2151 faventem
1136 2088 1267 2170 Quinti-

225 2190 314 2256 liano
326 2194 379 2256 vix
390 2210 514 2282 arguat.
527 2197 578 2258 An
590 2192 757 2258 cumulata
768 2193 828 2256 ista
841 2191 997 2256 attributa
1008 2214 1028 2271 a
1039 2214 1137 2257 versu
1156 2214 1216 2280 190
1225 2192 1267 2259 ad

230 2297 290 2385 193
310 2315 387 2363 sunt
404 2299 491 2364 serio
507 2297 692 2364 laudantis?
707 2299 826 2363 Nonne
841 2314 891 2362 est
904 2297 1012 2361 irrisio
1026 2297 1061 2361 in
1075 2299 1133 2363 iis:
1156 2327 1170 2357 r
1183 2300 1225 2363 Et
1240 2302 1268 2364 si

226 2404 389 2492 perfrixit,
404 2420 513 2470 cantet
525 2402 658 2468 bench
674 2405 750 2467 Non
762 2402 847 2489 fugit
858 2423 912 2469 me
926 2402 990 2467 Sat.
1001 2404 1063 2482 Vl,
1077 2406 1134 2490 74,
1148 2405 1269 2493 turpis·

225 2508 316 2580 sistris
327 2508 518 2575 hominibus
531 2507 652 2573 diserte
665 2509 789 2596 opponi
802 2507 1059 2589 Quintilianum,
1075 2531 1186 2598 neque
1200 2533 1267 2575 me·

225 2613 290 2677 lius
312 2615 438 2678 caeteris
458 2635 529 2692 me,
554 2615 622 2701 q'uo
644 2611 716 2677 haec
740 2611 932 2694 tenderent,
956 2615 1162 2702 perspexisse
1185 2617 1268 2681 mihi

226 2740 332 2783 sumo.
353 2717 392 2783 ld
410 2740 489 2807 ago,
511 2740 553 2783 ne
574 2719 648 2808 quis
670 2715 861 2806 expeditum
880 2719 972 2783 omni
990 2742 1030 2783 ex
1047 2735 1140 2808 parte
1156 2721 1268 2787 locum

226 2823 405 2904 existimet,
421 2824 455 2888 in
469 2846 538 2913 quo
548 2839 730 2910 tanguntur
742 2823 881 2888 fortasse
894 2821 1046 2912 quaedam
1058 2825 1137 2890 tnn'c
1150 2827 1183 2889 in
1198 2827 1269 2890 vul·

226 2949 286 3014 gus
298 2945 390 3009 nota,
399 2931 542 3017 quorum
551 2926 594 2993 ad
606 2949 667 2992 nos
678 2927 793 2992 notitia
806 2928 896 2992 nulle
907 2930 1105 3016 pervenerit.
1118 2932 1169 2994 An
1181 2931 1267 2995 forte

227 3048 260 3096 et
276 3032 347 3099 haec
365 3035 469 3098 nostri
487 3034 655 3120 scriptoris
669 3035 939 3097 commemoratio
957 3056 1018 3120 per
1031 3034 1170 3122 figuram
1183 3037 1268 3100 facta

228 3154 276 3202 est
287 3161 306 3201 a
317 3139 492 3218 Juvenale,
507 3139 604 3203 sicuti
615 3139 716 3203 altere
728 3137 783 3202 illa
794 3136 919 3204 Paridis
930 3137 1113 3218 histrionis,
1126 3142 1180 3204 cui
1190 3143 1268 3229 Aga-

228 3262 394 3308 sensuam
403 3244 532 3333 aliaque
542 3259 694 3332 poemata
706 3242 865 3310 venderet
873 3243 1106 3327 statiusrpuv.
1116 3245 1180 3309 Sat.
1189 3248 1252 3309 Vll
1259 3294 1267 3324 ,

231 3348 272 3434 87
288 3354 402 3440 seqq.)
419 3353 503 3415 Nam
521 3353 633 3439 ipsum
646 3349 783 3442 quidem
797 3353 976 3418 Domitiani
992 3351 1143 3417 Paridem
1160 3352 1267 3442 desig&

141 3534 145 3541 .
228 3458 300 3518 nari
308 3478 376 3521 non
389 3461 537 3546 potuisse
548 3481 567 3522 a
579 3460 756 3526 Satirarum
768 3461 941 3548 scriptore,
952 3458 1079 3524 affatim
1090 3460 1267 3548 probatum

230 3564 484 3644 estaSalmasin,
495 3566 516 3630 l.
525 3588 570 3646 c.‚
581 3583 742 3632 evetnsto
751 3569 825 3632 vitae
835 3569 1003 3634 luvenalis
1012 3585 1156 3649 auctore,
1165 3593 1267 3659 quem

228 3668 306 3731 satis
324 3668 538 3757 probabiliter
555 3672 688 3763 conjicit
705 3674 760 3738 ille
781 3674 975 3739 Suetonium
996 3695 1077 3738 esse.
1099 3676 1166 3755 lta,
1187 3674 1268 3741 dunt

227 3772 465 3854 Quintilianum
485 3776 648 3867 appellat,
669 3779 771 3843 alium
790 3781 928 3844 istorum
948 3796 1136 3875 temporum
1155 3779 1267 3844 rheto-

229 3900 301 3942 rem
325 3878 517 3971 significavit
540 3885 725 3966 luvenalis,
752 3885 794 3949 ab
815 3885 997 3975 aequalibus
1019 3884 1268 3973 agnoscendum

228 4002 307 4051 eum
316 4006 383 4052 non
392 3989 518 4084 minus,
532 4012 631 4081 quam
644 3991 737 4057 illum
749 3992 811 4057 sub
823 3990 938 4059 Paride
951 3990 1126 4080 figuratum
1138 3989 1268 4057 histrio-
