2648 4852
520 368 776 476 rnarsrre.
1130 415 1171 482 25

165 539 229 595 elixi.
246 536 278 594 ld
295 534 423 614 inprimis
439 530 510 589 male
526 552 571 589 me
587 532 699 602 habuit,
711 530 787 608 quod
802 547 939 609 nusquam
954 537 1061 590 nonsit
1071 534 1172 593 Gibso-

165 653 232 704 nus,
243 636 273 688 in
285 631 386 708 quibus
399 629 576 706 potissimum
587 626 654 683 loeis
666 625 756 682 mutili
768 639 875 696 essent,
885 645 956 704 quos
966 629 995 683 in
1006 648 1106 704 genere
1114 650 1171 688 nen

165 747 224 784 esse
240 729 364 802 integrus
378 725 503 792 monuit,
516 721 581 777 libri
593 722 757 777 ioannemia
771 733 799 777 et
813 719 981 779 Baliolensi's.
998 725 1048 779 Hic
1061 726 1173 780 iuterim

164 831 255 875 teneat
269 817 367 886 lector,
382 815 513 873 Godieem
524 811 718 883 Bodleiannm,
735 817 889 888 cnjua'eum
904 813 1132 871 Almeloveniano
1145 825 1173 871 et

164 913 306 968 'luticensi
325 911 463 985 insignem
483 907 728 963 animadvertimus
749 908 970 964 convenientiam
991 907 1038 978 (et
1056 906 1174 964 fortasse

165 1011 251 1081 major
262 1014 423 1082 appareret,
434 1004 458 1058 ai
469 1003 623 1059 accuratius
637 1013 709 1057 esset
722 1003 886 1073 excussus),
900 1001 1041 1070 eandem,
1055 1005 1174 1058 testante

165 1098 302 1166 Gibsuno,
315 1115 402 1173 quam
412 1094 514 1151 borum
525 1105 689 1170 utrumque,
702 1093 847 1149 ostendere
858 1092 963 1149 librarii
973 1086 1148 1170 imperitiam.

134 1191 314 1267 Argentorati,
331 1208 365 1244 ex
379 1190 540 1245 recensione
551 1185 637 1256 Ulrici
652 1185 794 1244 Obrecbti.
813 1189 893 1258 1698.
908 1189 933 1256 4.
954 1186 1128 1256 Obrechtns,
1142 1200 1173 1243 ut

166 1301 246 1359 supra
261 1283 376 1350 monui,
390 1291 480 1337 morte
492 1290 641 1355 occupatus
653 1277 722 1347 fuit,
735 1297 791 1356 qno
801 1280 895 1334 minua
913 1302 926 1328 ι
937 1279 1076 1355 peculiare
1090 1279 1174 1336 velu-

169 1394 272 1443 smen,
283 1373 360 1450 quod
370 1383 449 1429 notas
461 1391 524 1429 suas
537 1383 564 1428 et
574 1373 728 1448 praecipuos
740 1374 854 1447 insuper
865 1371 1038 1428 eruditorum
1048 1375 1172 1428 virorum

168 1491 180 1514 ι
192 1469 404 1523 commentarios
418 1464 647 1542 complecteretur
658 1489 690 1532 a,
708 1466 854 1520 emitteret.
869 1463 1005 1520 Adhibuit
1017 1468 1063 1521 vir
1074 1465 1173 1523 doetus

167 1559 200 1614 ad
210 1557 416 1636 repurgandum
427 1570 533 1613 textum
544 1576 611 1634 opes
623 1556 820 1626 Gibsonianaa‚
832 1555 1010 1613 Bodleiannm
1021 1561 1172 1635 praecipue,

167 1653 235 1707 utin
246 1648 365 1728 epistola
380 1649 549 1707 dedicatoria
561 1649 596 1705 ad
612 1647 767 1705 Gibsonum
782 1658 907 1716 testatur,
921 1647 1067 1714 eodioem
1082 1649 1172 1705 sedet

167 1745 290 1818 propriae
302 1741 381 1797 dotes
395 1739 481 1797 offert
491 1739 571 1809 liber,
583 1742 687 1816 quippe
698 1739 807 1797 Codicis
819 1743 872 1795 MS.
886 1738 1061 1796 bibliothece
1071 1744 1172 1817 Argen·

167 1836 309 1890 tonatensis
319 1835 467 1910 scripturas
477 1833 617 1889 exbibens.
627 1839 673 1889 He
683 1844 774 1889 autern
784 1830 879 1908 quales
888 1833 945 1887 sint
953 1834 1171 1908 proprie,quunt

168 1939 193 1982 ct
200 1931 357 2002 conjectura
366 1945 416 1983 sua
427 1945 508 1982 usum
520 1944 549 1982 se
560 1924 723 2002 profiteatur
732 1924 905 1992 obsecutus,
916 1926 977 2000 ipse
988 1923 1101 2000 quidem
1112 1924 1179 1979 edi-

168 2022 203 2075 tio
217 2022 358 2075 neminem
373 2017 469 2087 docet,
488 2028 515 2073 et
530 2017 576 2073 bie
591 2036 702 2094 quoque
717 2016 828 2085 Codex,
842 2019 890 2093 qui
908 2015 1092 2072 videturesse
1103 2034 1172 2092 prae-

80 2108 83 2114 ’
169 2113 347 2168 stantissimua
358 2112 538 2186 proximeque
549 2110 585 2166 ad
596 2112 686 2166 Turio.
699 2108 771 2166 Alm.
783 2107 860 2164 Bodl.
873 2108 1019 2176 accedere,
1034 2120 1173 2185 exspectat.

169 2223 267 2260 norum
283 2202 459 2271 collatorem,
478 2205 525 2279 qui
544 2201 624 2257 facile
642 2213 735 2278 potest
753 2203 778 2257 ei
797 2202 958 2275 contingere
974 2202 1005 2254 in
1021 2200 1106 2269 urbe,
1118 2201 1172 2255 ubi

168 2295 332 2363 brunellus,
343 2293 624 2370 'Schweigheuserum
638 2292 785 2351 Oberlinus
799 2303 926 2347 sumnum
936 2303 1044 2347 nostras
1058 2291 1172 2351 litteras.

168 2392 203 2444 Es
215 2388 306 2464 aliqua
317 2399 396 2464 parte
407 2387 574 2443 desiderium
585 2397 713 2442 noenum
723 2385 827 2442 levavit
838 2383 993 2441 Obreehtus
1005 2385 1173 2460 praemittens

168 2483 248 2536 textui
262 2504 273 2529 ι
284 2479 405 2536 indicem
415 2479 599 2556 quonamdam
610 2479 736 2536 locorum
745 2496 816 2555 quos
824 2507 860 2519 —
869 2476 1035 2534 emendavit.
1046 2501 1058 2527 a
1069 2480 1173 2554 Ipsein

169 2591 210 2641 ea,
225 2592 308 2648 mam
322 2571 379 2627 diri
391 2571 507 2648 epistola
518 2574 669 2628 rectissime
682 2573 766 2628 sentit
774 2570 809 2625 de
821 2572 898 2626 omni
910 2570 964 2626 hoc
973 2571 1092 2646 negotio.
1102 2575 1173 2627 Nam

170 2665 324 2734 «Vulnera,
346 2668 399 2734 ait,
417 2677 449 2721 ut
466 2669 556 2721 sanari
575 2685 605 2722 se
626 2669 775 2742 patiantur,
796 2663 881 2721 enada
902 2674 967 2719 sunt
984 2663 1127 2721 tractanda
1144 2676 1172 2719 et

170 2756 290 2826 «callus,
303 2757 378 2834 quod
390 2757 518 2814 obductis
528 2757 600 2814 male
613 2757 785 2814 cicatricibus
798 2756 857 2812 fieri
871 2756 958 2825 solet,
972 2756 1115 2812 advirum
1126 2775 1172 2812 re-

170 2850 331 2905 ·seeandus.
352 2856 374 2906 E
391 2853 528 2926 corruptis
546 2862 620 2906 certe
636 2850 705 2907 locis
726 2849 816 2905 nullos
832 2848 941 2905 felicius
957 2851 1106 2905 correxerit
1123 2853 1172 2926 qui

169 2967 179 2990 ι
191 2953 246 2997 arte
258 2953 286 2997 et
294 2941 401 3017 judicio
409 2941 497 3011 valet,
509 2962 593 3019 mam
604 2945 690 3019 quiet
700 2963 717 2998 a
729 2941 848 2999 librariis
860 2943 1065 3017 imperitissime
1076 2945 1171 3017 scripti

169 3057 179 3080 s
191 3045 217 3088 et
227 3034 262 3088 ab
274 3033 498 3090 emendatoribus
508 3054 560 3111 pro
572 3035 800 3111 desperatissimis
810 3033 910 3110 abjecti
921 3045 992 3088 sunt.
1007 3057 1019 3082 »

135 3123 284 3202 lltenburgi
300 3145 333 3180 ex
346 3125 458 3182 officina
468 3128 607 3183 Richteria
627 3130 705 3199 1773.
725 3130 751 3182 8.
770 3129 821 3182 Hic
834 3145 938 3203 ponere
950 3123 1035 3180 malui
1049 3137 1171 3183 curatam

164 3219 198 3274 ab
209 3219 319 3275 flarlete
328 3225 361 3275 V.
373 3225 403 3276 (t
416 3223 609 3296 repetitionem
619 3220 779 3276 Rolliniane
788 3224 937 3297 epitomes,
949 3238 1032 3295 mam
1044 3237 1177 3295 susepru-

164 3315 221 3387 prie
229 3315 301 3368 aetati
311 3312 435 3368 reddere.
448 3317 551 3369 Notum
560 3325 602 3370 est
610 3312 710 3369 Rollini
720 3315 877 3375 institutum
888 3311 1032 3367 breviandi
1042 3311 1170 3368 rhetoris.

163 3404 273 3460 Editum
288 3403 342 3459 fuit
355 3405 551 3482 compendium
565 3405 618 3460 hoc
630 3407 739 3460 Parisiis
755 3405 835 3477 1715.
852 3424 894 3459 ια.
913 3402 1083 3459 Monendum
1096 3403 1173 3459 vide·

164 3506 216 3565 tur,
227 3494 368 3552 Rollinum
381 3495 485 3554 nullam
497 3497 626 3554 babuisse
640 3515 735 3553 curam
748 3495 923 3552 Gibaonianae
937 3493 982 3551 vel
998 3494 1172 3552 Obrechtinas

165 3588 325 3644 editionum.
695 3622 697 3627 <
731 3593 740 3632 t

131 3679 251 3755 Lugduni
266 3684 295 3733 B.
316 3698 397 3751 ¹7²⁰·
415 3683 441 3750 4.
453 3681 604 3737 Burmanni
615 3678 704 3736 editio
715 3684 816 3755 justam
831 3679 916 3735 habet
930 3682 960 3735 in
974 3677 1089 3755 singulis
1102 3677 1170 3734 locis

164 3776 296 3832 Codicum
307 3779 513 3847 recensionem,
524 3796 593 3853 quos
604 3786 781 3853 repraesentat
791 3795 909 3845 novem,
924 3778 947 3831 si
959 3779 1172 3851 Argentoraten-

165 3887 222 3924 sem
233 3868 433 3946 complecteris.
449 3869 526 3925 Bodl.
540 3869 596 3926 Bal.
608 3875 705 3926 Joann.
718 3868 791 3924 alm.
802 3874 880 3925 Voss.
899 3887 921 3922 a.
937 3888 961 3922 2.
975 3870 1001 3922 3.
1013 3871 1091 3921 Bern.
1105 3871 1171 3941 Arg.

163 3972 262 4035 praeter
281 3961 417 4036 quosdam
436 3981 499 4017 raro
520 3965 632 4031 citatos,
650 3973 681 4017 ut
702 3960 846 4018 Poullainii
869 3971 898 4016 et
912 3957 1110 4017 colbertinum.
1127 3955 1172 4011 rial

164 4051 247 4111 hosce
265 4056 348 4129 igitur
363 4057 578 4112 Rurmanmanos
595 4073 681 4134 quum
698 4054 830 4112 accedant
847 4051 1038 4120 etvalleasis,
1055 4049 1177 4119 aBadiu
