2648 4852
214 387 596 457 rnrnnrrnounrr
613 389 1079 463 ersmrnmororn
1127 346 1210 466 33¹

135 516 226 569 mendis
245 535 303 588 quse
320 514 348 566 h.
369 514 386 566 Ι.
406 517 555 585 signantur,
574 527 600 567 et
619 533 651 566 er
668 513 766 567 insulsa
783 514 929 586 glossarum
947 522 1029 586 serie,
1048 524 1096 572 etsi
1114 509 1184 573 non*

135 608 330 678 inspexerimus,
348 617 439 656 tamen
455 601 527 655 hunc
545 601 672 657 Codieem
690 602 847 672 undecimo,
865 605 907 657 vel
921 606 991 673 {orte
1010 605 1170 660 duodecimo

135 693 222 746 seculo
241 689 431 765 assignandum
449 705 582 764 putamus.
601 693 711 744 Nostrae
727 695 894 766 conjecmras
913 693 1015 746 firmant
1034 699 1112 747 trium
1129 700 1171 748 in·

136 782 299 852 scriptionum
309 778 416 832 Codicis
427 777 507 851 hujus
518 791 721 831 memoratarum
731 777 875 852 descriptio
886 779 952 850 (vid.
966 783 1054 849 Praei,
1065 803 1092 855 p.
1110 786 1170 857 18),

138 887 237 940 quarum
249 869 342 920 ultima
354 886 370 918 a
380 869 464 939 prima
477 856 591 938 quatum
602 881 704 920 tantum
716 868 816 921 seculis
828 867 934 922 recedit.
947 871 1013 937 scil,
1021 872 1112 927 ultima
1123 873 1173 925 har

137 957 176 1012 het
188 958 395 1022 MCCCCXLV13
407 957 553 1031 penultima
567 955 618 1029 legi
631 960 739 1030 nequit,
755 977 817 1029 ergo
831 957 904 1011 nulla
918 960 962 1023 ht3
976 964 1051 1013 tertia
1064 961 1170 1015 duobus

138 1047 227 1100 secuhs
237 1048 331 1114 distat,
340 1060 366 1099 et
375 1046 431 1098 hnc
441 1062 456 1098 a
465 1046 549 1118 prima
558 1045 676 1099 totidem.
687 1049 767 1098 Porro
776 1049 798 1099 si
805 1065 820 1099 a
827 1046 1028 1115 MCCCCXLVl,
1038 1050 1121 1105 CCCC
1128 1051 1171 1103 de-

139 1153 200 1202 nas,
212 1135 321 1188 habebis
335 1135 521 1200 undecimum,
534 1153 590 1186 non
604 1149 742 1200 octavum,
758 1153 807 1187 nec
824 1138 903 1186 etiarn
920 1155 1021 1188 nonum
1037 1139 1169 1191 seculum.
1273 1150 1275 1154 “

140 1222 252 1290 Gerlius,
263 1225 332 1275 inira
344 1225 439 1275 citatus
457 1222 491 1275 ab
503 1224 564 1294 ipso
576 1222 716 1295 Spalding,
728 1226 827 1299 pagina·
841 1226 961 1293 sequenti
977 1242 1023 1293 19,
1039 1239 1095 1277 not.
1112 1222 1171 1298 (ἡ),

142 1310 220 1363 eadem
231 1313 287 1364 fere
302 1331 332 1363 ac
346 1330 396 1363 nos
409 1309 528 1382 judicat,
544 1324 571 1363 et
586 1311 663 1363 nohis
680 1310 822 1364 llandinius
837 1311 935 1365 ibidem
952 1317 1091 1366 consentit.
1104 1315 1171 1368 Vide

143 1393 247 1453 triticum
257 1403 409 1453 Nostratem
420 1419 500 1472 supra
512 1403 633 1466 citatum,
647 1404 691 1471 qui
703 1399 786 1452 Codd.
799 1402 928 1477 Parisinus
941 1421 1085 1475 eorumque
1094 1417 1170 1456 notas

144 1501 166 1539 st
183 1483 338 1541 differentias
357 1487 504 1541 luculenter
521 1487 659 1560 descripsit
677 1491 704 1542 in
721 1507 769 1541 sua
789 1486 905 1543 editione
924 1491 1073 1559 luvenalis,
1093 1505 1112 1543 t.
1132 1494 1171 1559 ll,

146 1588 167 1645 p.
177 1574 267 1642 taso,
278 1586 304 1628 e't
315 1595 342 1648 p.
357 1574 465 1647 75-112.

174 1662 209 1736 (5)
219 1665 304 1719 Unum
318 1665 389 1738 quod
402 1665 555 1718 Parisienses
567 1665 682 1730 Codices,
698 1675 743 1718 etc.
758 1667 799 1719 De
811 1666 843 1719 iis
857 1684 914 1737 quae
928 1670 987 1720 uV.
1001 1670 1030 1722 C.
1045 1656 1172 1742 Spalding

149 1752 246 1812 llosnati
259 1754 452 1827 cappensnier
463 1754 625 1826 objiciuntur
637 1755 702 1808 nihil
714 1757 740 1808 h.
758 1756 775 1808 l.
789 1756 923 1824 dicemus,
934 1757 983 1811 sed
994 1759 1057 1813 elias
1070 1762 1169 1814 forsan.

151 1840 214 1908 Quod
224 1857 310 1895 autem
322 1844 487 1896 Burmannus
501 1847 525 1896 ei
536 1846 600 1897 vitio
611 1846 715 1896 verterit
727 1844 855 1897 Codicum
866 1848 1007 1915 Regiorum
1020 1862 1171 1902 nostrorum

153 1943 312 2004 contemptus,
323 1934 365 1984 sin
375 1933 486 2003 injusta,
497 1932 677 1984 tamen'nimia
688 1932 790 1985 videtur
801 1933 979 2005 reprehensio.
992 1938 1091 2006 Exigua
1100 1941 1171 1991 eninr

155 2028 185 2067 est
193 2030 214 2068 et
224 2036 322 2090 pauper·
335 2021 363 2071 in
375 2018 427 2071 hac
440 2032 515 2089 parte
529 2033 618 2073 nostra
631 2019 810 2087 bibliotheca,
824 2023 873 2073 etsi
886 2024 914 2074 in
929 2021 986 2074 aliis
1002 2021 1128 2078 ditissima
1144 2039 1171 2078 et

156 2104 295 2176 amplissima.
306 2111 344 2160 Ex
355 2109 520 2178 paucissimis
531 2106 582 2178 (13
595 2108 722 2179 numero)
735 2107 818 2160 Codd.
830 2109 999 2176 Quintiliani,
1010 2109 1097 2164 nullus
1109 2127 1172 2164 ante

157 2207 285 2260 manumet
294 2195 427 2249 decimum
437 2194 560 2247 saeculum
571 2208 641 2246 retro
655 2195 780 2247 ascendit.
790 2197 892 2247 Horum
902 2211 1015 2266 quatuor
1022 2201 1100 2269 primi
1109 2218 1170 2251 cunr

156 2278 271 2336 lunensi
286 2297 312 2336 et
329 2285 455 2335 Bemensi
472 2285 656 2348 consentiunt,
673 2282 715 2334 alii
734 2297 795 2334 sunt
811 2280 904 2334 infima
920 2297 996 2336 notae.
1016 2286 1059 2337 Nil
1076 2284 1172 2339 mirum
1210 2305 1216 2318 ··

157 2364 213 2433 igitur
222 2362 296 2423 sihos
307 2373 383 2442 parvi
394 2366 486 2422 fecerit
496 2372 535 2421 vir
547 2373 705 2440 caeteroquin
718 2369 897 2436 doctissimus,
908 2372 1007 2443 quippe
1017 2391 1083 2443 quoe
1092 2376 1170 2426 sciret
1242 2405 1248 2417 ι

115 2441 117 2444 ⁵
156 2451 208 2506 nulla
217 2456 269 2511 luce
281 2458 350 2510 nova
360 2457 501 2528 effulgere:
513 2452 620 2510 eosdem
632 2463 720 2511 'tumen
732 2454 929 2528 exagitavimus,
943 2473 969 2510 et
980 2463 1076 2531 passim
1087 2464 1169 2514 varias

156 2555 224 2597 etum
235 2546 361 2598 lectiones
372 2547 536 2612 notavimus,
550 2544 622 2617 quod
635 2545 740 2616 quidem
750 2546 807 2617 ipse
818 2539 902 2598 lector
912 2549 997 2618 primo
1010 2561 1119 2620 aspectu
1129 2549 1170 2601 fa-

155 2622 191 2678 tlle
199 2626 301 2704 deteget.

178 2714 215 2790 (6).
223 2721 384 2794 Quanquam
394 2720 485 2793 aliqua
491 2730 528 2773 est
534 2718 676 2772 litterarum
683 2722 825 2774 obscuritas.
833 2722 882 2774 Vel
889 2737 979 2774 noster
985 2725 1090 2776 criticus
1099 2725 1127 2777 V
1123 2724 1170 2776 ail-

154 2793 289 2877 llssipsrum
300 2807 419 2860 studiose
430 2806 501 2860 hunc
516 2828 653 2859 nummum
665 2807 815 2879 descripsit,
828 2808 869 2861 vel
880 2808 961 2861 alium
973 2809 1038 2862 vidit
1048 2808 1075 2862 h.
1088 2811 1168 2863 modo

152 2885 273 2962 nignarum,
285 2894 358 2966 quod
371 2913 427 2947 non
438 2897 531 2948 mirum
544 2909 629 2948 esset:
646 2914 707 2947 nam
719 2882 853 2949 non-adeo
866 2893 937 2948 certa
949 2911 988 2950 est
1001 2916 1169 2954 nummorum

151 2983 168 3021 tt
179 2993 325 3033 marmanum
339 2980 540 3054 orthographia,
549 2987 611 3053 quin
625 2983 720 3035 eodem
733 2983 828 3037 saeculo
842 3003 890 3055 pro
905 2987 997 3056 peritia
1012 2984 1054 3037 vel
1067 2987 1169 3038 inscitia

147 3064 255 3121 ll'filicum
268 3073 412 3123 variaverit.
429 3069 565 3141 Quidquid
579 3071 607 3121 id
623 3084 678 3137 est,
695 3072 828 3143 exemplar
843 3085 883 3126 sat
897 3072 966 3124 hene
985 3087 1168 3127 conservatum

143 3157 214 3208 ⁰⁰³tn'
223 3158 322 3212 Cimelii
332 3159 397 3227 regii
408 3156 460 3210 hoc
470 3159 531 3211 loco
544 3158 730 3211 describemus.

302 3265 439 3316 CAESAR.
452 3264 592 3316 AVGVST.
605 3265 705 3317 PONT.
718 3262 802 3316 er'.
815 3266 899 3317 l'lllB.
914 3265 986 3318 ΡΟΤ.

165 3362 248 3439 Caput
259 3371 371 3439 Augusti
381 3367 483 3421 nudum
494 3368 658 3422 dextrorsum
670 3388 804 3422 conversa.

164 3444 205 3506 Er
214 3473 300 3510 aversa
312 3471 387 3528 parte
398 3477 404 3507 ι

242 3563 311 3616 SEX.
324 3561 460 3616 NONlVS.
473 3562 701 3632 QVINCTILIAN.
715 3563 757 3614 lll.
770 3564 835 3615 vffl.
848 3566 879 3615 A.
892 3567 923 3616 A.
937 3566 967 3617 A.
981 3567 1009 3617 F.
1023 3565 1051 3617 F.

164 3658 200 3715 ln
213 3671 267 3720 a'rea
283 3670 308 3722 S.
323 3670 352 3722 C.
368 3671 459 3722 AEreus
471 3671 520 3723 iste
531 3687 670 3741 nummus,
685 3667 776 3721 medie
786 3669 893 3736 forma,
907 3682 934 3722 et
945 3672 1013 3722 inter
1023 3670 1171 3727 monetales

126 3734 241 3832 ingesti
250 3754 434 3808 recensendus.
