<?xml version="1.0" encoding="UTF-8"?>
<!DOCTYPE html PUBLIC "-//W3C//DTD XHTML 1.0 Transitional//EN"
    "http://www.w3.org/TR/xhtml1/DTD/xhtml1-transitional.dtd">
<html xmlns="http://www.w3.org/1999/xhtml" xml:lang="en" lang="en">
 <head>
  <title>
</title>
<meta http-equiv="Content-Type" content="text/html;charset=utf-8" />
  <meta name='ocr-system' content='tesseract 3.04.00' />
  <meta name='ocr-capabilities' content='ocr_page ocr_carea ocr_par ocr_line ocrx_word'/>
</head>
<body>
  <div class='ocr_page' id='page_1' title='image "bibliothecaclas40lemagoog_0039.png"; bbox 0 0 2648 4852; ppageno 0'>
   <div class='ocr_carea' id='block_1_1' title="bbox 164 386 1281 3657">
    <p class='ocr_par' dir='ltr' id='par_1_1' title="bbox 202 386 1274 820">
     <span class='ocr_line' id='line_1_1' title="bbox 236 386 1058 479; baseline -0.007 -9"><span class='ocrx_word' id='word_1_1' title='bbox 236 418 278 470; x_wconf 72' lang='lat'><strong>12</strong></span> <span class='ocrx_word' id='word_1_2' title='bbox 469 398 643 466; x_wconf 83' lang='grc'><strong>33333.</strong></span> <span class='ocrx_word' id='word_1_3' title='bbox 667 394 776 464; x_wconf 77' lang='lat' dir='ltr'><strong>tuo.</strong></span> <span class='ocrx_word' id='word_1_4' title='bbox 800 386 1058 479; x_wconf 77' lang='lat' dir='ltr'><strong>saltnruo&#39;</strong></span> 
     </span>
     <span class='ocr_line' id='line_1_2' title="bbox 225 506 1273 616; baseline -0.004 -26"><span class='ocrx_word' id='word_1_5' title='bbox 225 520 735 616; x_wconf 70' lang='grc' dir='ltr'><strong>ι3313333331331333333111333.</strong></span> <span class='ocrx_word' id='word_1_6' title='bbox 753 522 785 586; x_wconf 87' lang='grc'><strong>13</strong></span> <span class='ocrx_word' id='word_1_7' title='bbox 801 520 860 610; x_wconf 85' lang='lat' dir='ltr'><strong>qui</strong></span> <span class='ocrx_word' id='word_1_8' title='bbox 877 521 937 600; x_wconf 84' lang='lat' dir='ltr'><strong>sit,</strong></span> <span class='ocrx_word' id='word_1_9' title='bbox 956 517 1095 596; x_wconf 76' lang='grc'><strong>33333313</strong></span> <span class='ocrx_word' id='word_1_10' title='bbox 1114 506 1273 610; x_wconf 80' lang='lat' dir='ltr'><strong>scriptum</strong></span> 
     </span>
     <span class='ocr_line' id='line_1_3' title="bbox 221 626 1274 719; baseline -0.005 -24"><span class='ocrx_word' id='word_1_11' title='bbox 221 629 305 719; x_wconf 62' lang='lat' dir='ltr'><strong>*ejus</strong></span> <span class='ocrx_word' id='word_1_12' title='bbox 318 631 426 718; x_wconf 90' lang='lat' dir='ltr'><strong>primo</strong></span> <span class='ocrx_word' id='word_1_13' title='bbox 438 627 651 715; x_wconf 91' lang='lat' dir='ltr'><strong>desumptum</strong></span> <span class='ocrx_word' id='word_1_14' title='bbox 665 626 781 705; x_wconf 80' lang='lat' dir='ltr'><strong>fuerit,</strong></span> <span class='ocrx_word' id='word_1_15' title='bbox 796 648 901 714; x_wconf 90' lang='lat' dir='ltr'><strong>quum</strong></span> <span class='ocrx_word' id='word_1_16' title='bbox 915 626 949 690; x_wconf 94' lang='lat' dir='ltr'><strong>in</strong></span> <span class='ocrx_word' id='word_1_17' title='bbox 965 626 1058 690; x_wconf 90' lang='lat' dir='ltr'><strong>nullo</strong></span> <span class='ocrx_word' id='word_1_18' title='bbox 1071 645 1201 705; x_wconf 89' lang='lat' dir='ltr'><strong>eorum,</strong></span> <span class='ocrx_word' id='word_1_19' title='bbox 1216 626 1274 714; x_wconf 91' lang='lat' dir='ltr'><strong>qui</strong></span> 
     </span>
     <span class='ocr_line' id='line_1_4' title="bbox 202 729 1274 820; baseline -0.006 -20"><span class='ocrx_word' id='word_1_20' title='bbox 202 734 204 738; x_wconf 69' lang='grc'><strong>’</strong></span> <span class='ocrx_word' id='word_1_21' title='bbox 228 733 344 800; x_wconf 73' lang='lat' dir='ltr'><strong>&#39;collati</strong></span> <span class='ocrx_word' id='word_1_22' title='bbox 357 737 450 810; x_wconf 83' lang='lat' dir='ltr'><strong>sunt,</strong></span> <span class='ocrx_word' id='word_1_23' title='bbox 465 731 626 796; x_wconf 84' lang='lat' dir='ltr'><strong>Codicum</strong></span> <span class='ocrx_word' id='word_1_24' title='bbox 642 731 780 820; x_wconf 90' lang='lat' dir='ltr'><strong>reperiri</strong></span> <span class='ocrx_word' id='word_1_25' title='bbox 795 729 955 809; x_wconf 88' lang='lat' dir='ltr'><strong>videatur,</strong></span> <span class='ocrx_word' id='word_1_26' title='bbox 972 743 1039 795; x_wconf 85' lang='lat' dir='ltr'><strong>non</strong></span> <span class='ocrx_word' id='word_1_27' title='bbox 1055 731 1159 818; x_wconf 90' lang='lat' dir='ltr'><strong>magis</strong></span> <span class='ocrx_word' id='word_1_28' title='bbox 1173 751 1274 820; x_wconf 89' lang='lat' dir='ltr'><strong>quam</strong></span> 
     </span>
    </p>

    <p class='ocr_par' dir='ltr' id='par_1_2' title="bbox 223 835 1274 924">
     <span class='ocr_line' id='line_1_5' title="bbox 223 835 1274 924; baseline -0.004 -21"><span class='ocrx_word' id='word_1_29' title='bbox 223 840 400 904; x_wconf 62' lang='lat' dir='ltr'><strong>»Gesnerus</strong></span> <span class='ocrx_word' id='word_1_30' title='bbox 412 836 519 902; x_wconf 87' lang='lat' dir='ltr'><strong>habeo</strong></span> <span class='ocrx_word' id='word_1_31' title='bbox 530 835 650 901; x_wconf 83' lang='lat' dir='ltr'><strong>dicere.</strong></span> <span class='ocrx_word' id='word_1_32' title='bbox 662 835 816 902; x_wconf 82' lang='lat' dir='ltr'><strong>Nicolaua</strong></span> <span class='ocrx_word' id='word_1_33' title='bbox 827 836 990 901; x_wconf 81' lang='lat' dir='ltr'><strong>Antonius</strong></span> <span class='ocrx_word' id='word_1_34' title='bbox 1001 836 1022 899; x_wconf 93' lang='grc'><strong>1.</strong></span> <span class='ocrx_word' id='word_1_35' title='bbox 1035 857 1063 901; x_wconf 88' lang='grc'><strong>3.</strong></span> <span class='ocrx_word' id='word_1_36' title='bbox 1076 858 1109 924; x_wconf 90' lang='lat' dir='ltr'><strong>p.</strong></span> <span class='ocrx_word' id='word_1_37' title='bbox 1121 837 1178 915; x_wconf 87' lang='lat'><strong>60,</strong></span> <span class='ocrx_word' id='word_1_38' title='bbox 1190 838 1274 899; x_wconf 91' lang='lat' dir='ltr'><strong>Lau·</strong></span> 
     </span>
    </p>

    <p class='ocr_par' dir='ltr' id='par_1_3' title="bbox 224 934 1274 1030">
     <span class='ocr_line' id='line_1_6' title="bbox 224 934 1274 1030; baseline 0.001 -25"><span class='ocrx_word' id='word_1_39' title='bbox 224 934 376 1007; x_wconf 75' lang='lat' dir='ltr'><strong>rentium</strong></span> <span class='ocrx_word' id='word_1_40' title='bbox 386 942 513 1006; x_wconf 92' lang='lat' dir='ltr'><strong>Vallam</strong></span> <span class='ocrx_word' id='word_1_41' title='bbox 524 939 718 1028; x_wconf 82' lang='lat' dir='ltr'><strong>suspicatur,</strong></span> <span class='ocrx_word' id='word_1_42' title='bbox 729 938 788 1004; x_wconf 87' lang='lat' dir='ltr'><strong>sed</strong></span> <span class='ocrx_word' id='word_1_43' title='bbox 800 941 844 1005; x_wconf 88' lang='lat' dir='ltr'><strong>ita</strong></span> <span class='ocrx_word' id='word_1_44' title='bbox 853 957 891 1004; x_wconf 88' lang='lat' dir='ltr'><strong>ut</strong></span> <span class='ocrx_word' id='word_1_45' title='bbox 901 940 1042 1005; x_wconf 84' lang='lat' dir='ltr'><strong>aliorum</strong></span> <span class='ocrx_word' id='word_1_46' title='bbox 1052 962 1188 1030; x_wconf 85' lang='lat' dir='ltr'><strong>quoque</strong></span> <span class='ocrx_word' id='word_1_47' title='bbox 1197 957 1274 1006; x_wconf 88' lang='lat' dir='ltr'><strong>ante</strong></span> 
     </span>
    </p>

    <p class='ocr_par' dir='ltr' id='par_1_4' title="bbox 222 1044 1276 1238">
     <span class='ocr_line' id='line_1_7' title="bbox 230 1044 1276 1135; baseline -0.001 -24"><span class='ocrx_word' id='word_1_48' title='bbox 230 1068 267 1111; x_wconf 87' lang='lat' dir='ltr'><strong>se</strong></span> <span class='ocrx_word' id='word_1_49' title='bbox 280 1046 367 1112; x_wconf 88' lang='lat' dir='ltr'><strong>banc</strong></span> <span class='ocrx_word' id='word_1_50' title='bbox 380 1046 602 1135; x_wconf 83' lang='lat' dir='ltr'>suspicionem</span> <span class='ocrx_word' id='word_1_51' title='bbox 617 1046 718 1111; x_wconf 86' lang='lat' dir='ltr'><strong>luisse</strong></span> <span class='ocrx_word' id='word_1_52' title='bbox 731 1044 894 1132; x_wconf 81' lang='lat' dir='ltr'><strong>significet</strong></span> <span class='ocrx_word' id='word_1_53' title='bbox 904 1045 949 1129; x_wconf 73' lang='lat'><strong>(¹).</strong></span> <span class='ocrx_word' id='word_1_54' title='bbox 965 1046 1064 1128; x_wconf 84' lang='lat' dir='ltr'><strong>Quae,</strong></span> <span class='ocrx_word' id='word_1_55' title='bbox 1079 1062 1116 1111; x_wconf 91' lang='lat' dir='ltr'><strong>ut</strong></span> <span class='ocrx_word' id='word_1_56' title='bbox 1128 1069 1149 1109; x_wconf 84' lang='lat' dir='ltr'><strong>a</strong></span> <span class='ocrx_word' id='word_1_57' title='bbox 1161 1047 1276 1110; x_wconf 83' lang='lat' dir='ltr'><strong>verisi-</strong></span> 
     </span>
     <span class='ocr_line' id='line_1_8' title="bbox 222 1148 1276 1238; baseline -0.002 -24"><span class='ocrx_word' id='word_1_58' title='bbox 222 1150 420 1215; x_wconf 85' lang='lat' dir='ltr'><strong>militudine</strong></span> <span class='ocrx_word' id='word_1_59' title='bbox 432 1173 499 1214; x_wconf 89' lang='lat' dir='ltr'><strong>non</strong></span> <span class='ocrx_word' id='word_1_60' title='bbox 511 1149 681 1229; x_wconf 85' lang='lat' dir='ltr'><strong>abhorret,</strong></span> <span class='ocrx_word' id='word_1_61' title='bbox 696 1150 731 1212; x_wconf 90' lang='grc'><strong>13</strong></span> <span class='ocrx_word' id='word_1_62' title='bbox 742 1166 834 1215; x_wconf 88' lang='grc'><strong>33333</strong></span> <span class='ocrx_word' id='word_1_63' title='bbox 844 1149 1038 1232; x_wconf 76' lang='lat' dir='ltr'><strong>Quintiliani</strong></span> <span class='ocrx_word' id='word_1_64' title='bbox 1050 1148 1160 1214; x_wconf 90' lang='lat' dir='ltr'><strong>studio</strong></span> <span class='ocrx_word' id='word_1_65' title='bbox 1172 1171 1276 1238; x_wconf 88' lang='lat' dir='ltr'><strong>quan·</strong></span> 
     </span>
    </p>

    <p class='ocr_par' dir='ltr' id='par_1_5' title="bbox 222 1254 1273 1345">
     <span class='ocr_line' id='line_1_9' title="bbox 222 1254 1273 1345; baseline -0.003 -24"><span class='ocrx_word' id='word_1_66' title='bbox 222 1272 303 1321; x_wconf 83' lang='grc'><strong>-3333</strong></span> <span class='ocrx_word' id='word_1_67' title='bbox 316 1256 417 1320; x_wconf 85' lang='lat' dir='ltr'><strong>fuisse</strong></span> <span class='ocrx_word' id='word_1_68' title='bbox 426 1254 528 1319; x_wconf 85' lang='lat' dir='ltr'><strong>Vallae</strong></span> <span class='ocrx_word' id='word_1_69' title='bbox 539 1255 709 1335; x_wconf 88' lang='lat' dir='ltr'><strong>novimus,</strong></span> <span class='ocrx_word' id='word_1_70' title='bbox 725 1255 759 1320; x_wconf 92' lang='lat' dir='ltr'><strong>iu</strong></span> <span class='ocrx_word' id='word_1_71' title='bbox 771 1277 955 1345; x_wconf 90' lang='lat' dir='ltr'><strong>magnaque</strong></span> <span class='ocrx_word' id='word_1_72' title='bbox 969 1255 1081 1343; x_wconf 83' lang='lat' dir='ltr'><strong>scripti</strong></span> <span class='ocrx_word' id='word_1_73' title='bbox 1095 1254 1273 1342; x_wconf 76' lang='lat' dir='ltr'><strong>elegantia,</strong></span> 
     </span>
    </p>

    <p class='ocr_par' dir='ltr' id='par_1_6' title="bbox 208 1359 1277 1765">
     <span class='ocr_line' id='line_1_10' title="bbox 223 1359 1274 1449; baseline 0 -25"><span class='ocrx_word' id='word_1_74' title='bbox 223 1359 366 1424; x_wconf 80' lang='grc'><strong>13311313</strong></span> <span class='ocrx_word' id='word_1_75' title='bbox 385 1359 577 1424; x_wconf 81' lang='lat' dir='ltr'><strong>narrationis</strong></span> <span class='ocrx_word' id='word_1_76' title='bbox 595 1359 696 1424; x_wconf 88' lang='lat' dir='ltr'><strong>babet</strong></span> <span class='ocrx_word' id='word_1_77' title='bbox 714 1359 805 1449; x_wconf 88' lang='lat' dir='ltr'><strong>quod</strong></span> <span class='ocrx_word' id='word_1_78' title='bbox 825 1359 1013 1426; x_wconf 86' lang='lat' dir='ltr'><strong>dissuadeat</strong></span> <span class='ocrx_word' id='word_1_79' title='bbox 1028 1360 1129 1425; x_wconf 89' lang='lat' dir='ltr'><strong>talem</strong></span> <span class='ocrx_word' id='word_1_80' title='bbox 1143 1359 1274 1448; x_wconf 85' lang='lat' dir='ltr'><strong>conjec-</strong></span> 
     </span>
     <span class='ocr_line' id='line_1_11' title="bbox 208 1453 1277 1558; baseline 0 -30"><span class='ocrx_word' id='word_1_81' title='bbox 208 1554 210 1558; x_wconf 9' lang='grc' dir='ltr'><em>γ</em></span> <span class='ocrx_word' id='word_1_82' title='bbox 231 1479 349 1528; x_wconf 90' lang='lat' dir='ltr'><strong>turam.</strong></span> <span class='ocrx_word' id='word_1_83' title='bbox 362 1468 467 1552; x_wconf 88' lang='lat' dir='ltr'><strong>Negat</strong></span> <span class='ocrx_word' id='word_1_84' title='bbox 481 1465 570 1529; x_wconf 90' lang='lat' dir='ltr'><strong>euim</strong></span> <span class='ocrx_word' id='word_1_85' title='bbox 583 1453 767 1554; x_wconf 77' lang='lat' dir='ltr'><strong>anonymus</strong></span> <span class='ocrx_word' id='word_1_86' title='bbox 779 1488 831 1546; x_wconf 89' lang='grc'><strong>33,</strong></span> <span class='ocrx_word' id='word_1_87' title='bbox 842 1453 1277 1555; x_wconf 66' lang='lat' dir='ltr'><strong>&#39;guotempore&#39;deces&#39;serit</strong></span> 
     </span>
     <span class='ocr_line' id='line_1_12' title="bbox 221 1560 1274 1659; baseline 0 -27"><span class='ocrx_word' id='word_1_88' title='bbox 221 1569 469 1653; x_wconf 87' lang='lat' dir='ltr'><strong>Quintilianus,</strong></span> <span class='ocrx_word' id='word_1_89' title='bbox 489 1570 574 1636; x_wconf 91' lang='grc'><strong>33113</strong></span> <span class='ocrx_word' id='word_1_90' title='bbox 594 1569 775 1649; x_wconf 81' lang='lat' dir='ltr'><strong>affirmare,</strong></span> <span class='ocrx_word' id='word_1_91' title='bbox 799 1571 984 1659; x_wconf 72' lang='lat' dir='ltr'><strong>«quoniam</strong></span> <span class='ocrx_word' id='word_1_92' title='bbox 1002 1560 1048 1651; x_wconf 85' lang='grc'><strong>13,</strong></span> <span class='ocrx_word' id='word_1_93' title='bbox 1068 1570 1127 1658; x_wconf 91' lang='lat' dir='ltr'><strong>qui</strong></span> <span class='ocrx_word' id='word_1_94' title='bbox 1145 1568 1274 1649; x_wconf 83' lang='lat' dir='ltr'><strong>tratlat,</strong></span> 
     </span>
     <span class='ocr_line' id='line_1_13' title="bbox 221 1671 1275 1765; baseline -0.001 -27"><span class='ocrx_word' id='word_1_95' title='bbox 221 1671 441 1740; x_wconf 74' lang='grc'><strong>1133333333.</strong></span> <span class='ocrx_word' id='word_1_96' title='bbox 461 1704 474 1734; x_wconf 77' lang='lat' dir='ltr'><strong>n</strong></span> <span class='ocrx_word' id='word_1_97' title='bbox 498 1675 711 1765; x_wconf 81' lang='lat' dir='ltr'><strong>Sequebatur·</strong></span> <span class='ocrx_word' id='word_1_98' title='bbox 728 1698 806 1763; x_wconf 88' lang='lat' dir='ltr'><strong>ergo</strong></span> <span class='ocrx_word' id='word_1_99' title='bbox 828 1674 884 1740; x_wconf 91' lang='lat' dir='ltr'><strong>hic</strong></span> <span class='ocrx_word' id='word_1_100' title='bbox 906 1690 1020 1741; x_wconf 84' lang='lat' dir='ltr'><strong>noster</strong></span> <span class='ocrx_word' id='word_1_101' title='bbox 1040 1674 1142 1739; x_wconf 87' lang='lat' dir='ltr'><strong>alium</strong></span> <span class='ocrx_word' id='word_1_102' title='bbox 1162 1690 1275 1739; x_wconf 86' lang='lat' dir='ltr'><strong>aucto·</strong></span> 
     </span>
    </p>

    <p class='ocr_par' dir='ltr' id='par_1_7' title="bbox 232 1780 1275 1869">
     <span class='ocr_line' id='line_1_14' title="bbox 232 1780 1275 1869; baseline 0 -25"><span class='ocrx_word' id='word_1_103' title='bbox 232 1781 392 1844; x_wconf 75' lang='grc'><strong>33331313</strong></span> <span class='ocrx_word' id='word_1_104' title='bbox 417 1804 517 1869; x_wconf 88' lang='lat' dir='ltr'><strong>quem</strong></span> <span class='ocrx_word' id='word_1_105' title='bbox 541 1781 676 1845; x_wconf 88' lang='lat' dir='ltr'><strong>tandem</strong></span> <span class='ocrx_word' id='word_1_106' title='bbox 701 1781 941 1846; x_wconf 77' lang='grc'><strong>111333133333</strong></span> <span class='ocrx_word' id='word_1_107' title='bbox 966 1780 1033 1846; x_wconf 75' lang='lat' dir='ltr'><strong>fide</strong></span> <span class='ocrx_word' id='word_1_108' title='bbox 1059 1803 1137 1846; x_wconf 91' lang='lat' dir='ltr'><strong>eum</strong></span> <span class='ocrx_word' id='word_1_109' title='bbox 1162 1794 1275 1845; x_wconf 81' lang='grc'><strong>333333</strong></span> 
     </span>
    </p>

    <p class='ocr_par' dir='ltr' id='par_1_8' title="bbox 225 1883 1275 1976">
     <span class='ocr_line' id='line_1_15' title="bbox 225 1883 1275 1976; baseline 0.001 -29"><span class='ocrx_word' id='word_1_110' title='bbox 225 1883 357 1948; x_wconf 78' lang='grc'><strong>3131131</strong></span> <span class='ocrx_word' id='word_1_111' title='bbox 378 1887 545 1949; x_wconf 90' lang='lat' dir='ltr'><strong>neminem</strong></span> <span class='ocrx_word' id='word_1_112' title='bbox 566 1885 676 1951; x_wconf 90' lang='lat' dir='ltr'><strong>adhuc</strong></span> <span class='ocrx_word' id='word_1_113' title='bbox 696 1887 852 1976; x_wconf 85' lang='lat' dir='ltr'><strong>quaesisse</strong></span> <span class='ocrx_word' id='word_1_114' title='bbox 873 1887 989 1966; x_wconf 87' lang='lat' dir='ltr'><strong>miror,</strong></span> <span class='ocrx_word' id='word_1_115' title='bbox 1011 1907 1122 1976; x_wconf 87' lang='lat' dir='ltr'><strong>neque</strong></span> <span class='ocrx_word' id='word_1_116' title='bbox 1141 1883 1275 1949; x_wconf 86' lang='lat' dir='ltr'><strong>videtur</strong></span> 
     </span>
    </p>

    <p class='ocr_par' dir='ltr' id='par_1_9' title="bbox 232 1974 1273 2081">
     <span class='ocr_line' id='line_1_16' title="bbox 232 1974 1273 2081; baseline -0.002 -26"><span class='ocrx_word' id='word_1_117' title='bbox 232 1990 429 2056; x_wconf 83' lang='lat' dir='ltr'><strong>Laurentius</strong></span> <span class='ocrx_word' id='word_1_118' title='bbox 448 1974 624 2056; x_wconf 80' lang='lat' dir='ltr'><strong>Vallatum</strong></span> <span class='ocrx_word' id='word_1_119' title='bbox 645 1993 851 2081; x_wconf 77' lang='lat' dir='ltr'><strong>negligenter</strong></span> <span class='ocrx_word' id='word_1_120' title='bbox 866 1990 939 2056; x_wconf 88' lang='lat' dir='ltr'><strong>haec</strong></span> <span class='ocrx_word' id='word_1_121' title='bbox 958 1992 1061 2056; x_wconf 80' lang='lat' dir='ltr'><strong>fuisse</strong></span> <span class='ocrx_word' id='word_1_122' title='bbox 1081 1992 1273 2078; x_wconf 87' lang='lat' dir='ltr'><strong>scripturus.</strong></span> 
     </span>
    </p>

    <p class='ocr_par' dir='ltr' id='par_1_10' title="bbox 232 2090 1274 2184">
     <span class='ocr_line' id='line_1_17' title="bbox 232 2090 1274 2184; baseline -0.001 -25"><span class='ocrx_word' id='word_1_123' title='bbox 232 2090 338 2159; x_wconf 87' lang='lat' dir='ltr'><strong>Etiam</strong></span> <span class='ocrx_word' id='word_1_124' title='bbox 357 2094 421 2160; x_wconf 92' lang='lat' dir='ltr'><strong>boc</strong></span> <span class='ocrx_word' id='word_1_125' title='bbox 437 2097 694 2184; x_wconf 83' lang='lat' dir='ltr'><strong>praetermissum</strong></span> <span class='ocrx_word' id='word_1_126' title='bbox 709 2096 808 2162; x_wconf 88' lang='lat' dir='ltr'><strong>video</strong></span> <span class='ocrx_word' id='word_1_127' title='bbox 824 2119 843 2161; x_wconf 90' lang='lat' dir='ltr'><strong>a</strong></span> <span class='ocrx_word' id='word_1_128' title='bbox 859 2112 909 2161; x_wconf 91' lang='lat' dir='ltr'><strong>tot</strong></span> <span class='ocrx_word' id='word_1_129' title='bbox 921 2098 992 2159; x_wconf 84' lang='lat' dir='ltr'><strong>VV.</strong></span> <span class='ocrx_word' id='word_1_130' title='bbox 1008 2098 1079 2160; x_wconf 87' lang='lat' dir='ltr'><strong>DD.</strong></span> <span class='ocrx_word' id='word_1_131' title='bbox 1100 2096 1158 2184; x_wconf 91' lang='lat' dir='ltr'><strong>qui</strong></span> <span class='ocrx_word' id='word_1_132' title='bbox 1171 2095 1274 2159; x_wconf 84' lang='lat' dir='ltr'><strong>vitam</strong></span> 
     </span>
    </p>

    <p class='ocr_par' dir='ltr' id='par_1_11' title="bbox 231 2200 1281 2292">
     <span class='ocr_line' id='line_1_18' title="bbox 231 2200 1281 2292; baseline 0.002 -29"><span class='ocrx_word' id='word_1_133' title='bbox 231 2200 326 2265; x_wconf 87' lang='lat' dir='ltr'><strong>istam</strong></span> <span class='ocrx_word' id='word_1_134' title='bbox 344 2202 529 2290; x_wconf 85' lang='lat' dir='ltr'><strong>reciperent</strong></span> <span class='ocrx_word' id='word_1_135' title='bbox 547 2202 582 2266; x_wconf 91' lang='lat' dir='ltr'><strong>in</strong></span> <span class='ocrx_word' id='word_1_136' title='bbox 600 2225 675 2268; x_wconf 87' lang='grc'><strong>3333</strong></span> <span class='ocrx_word' id='word_1_137' title='bbox 693 2201 873 2283; x_wconf 85' lang='lat' dir='ltr'><strong>editiones,</strong></span> <span class='ocrx_word' id='word_1_138' title='bbox 893 2200 984 2292; x_wconf 92' lang='lat' dir='ltr'><strong>quod</strong></span> <span class='ocrx_word' id='word_1_139' title='bbox 1002 2202 1118 2266; x_wconf 89' lang='lat' dir='ltr'><strong>Caium</strong></span> <span class='ocrx_word' id='word_1_140' title='bbox 1136 2200 1281 2265; x_wconf 68' lang='grc'><strong>(1311333</strong></span> 
     </span>
    </p>

    <p class='ocr_par' dir='ltr' id='par_1_12' title="bbox 232 2304 1275 2397">
     <span class='ocr_line' id='line_1_19' title="bbox 232 2304 1275 2397; baseline 0.001 -28"><span class='ocrx_word' id='word_1_141' title='bbox 232 2322 435 2395; x_wconf 88' lang='lat' dir='ltr'><strong>praeceptore</strong></span> <span class='ocrx_word' id='word_1_142' title='bbox 451 2308 654 2390; x_wconf 92' lang='lat' dir='ltr'><strong>Quintiliano</strong></span> <span class='ocrx_word' id='word_1_143' title='bbox 671 2316 767 2374; x_wconf 88' lang='lat' dir='ltr'><strong>usum</strong></span> <span class='ocrx_word' id='word_1_144' title='bbox 784 2324 894 2373; x_wconf 88' lang='lat' dir='ltr'><strong>narrat</strong></span> <span class='ocrx_word' id='word_1_145' title='bbox 908 2328 1102 2397; x_wconf 77' lang='lat' dir='ltr'><strong>anonymus.</strong></span> <span class='ocrx_word' id='word_1_146' title='bbox 1122 2304 1275 2373; x_wconf 81' lang='lat' dir='ltr'><strong>Debebat</strong></span> 
     </span>
    </p>

    <p class='ocr_par' dir='ltr' id='par_1_13' title="bbox 224 2402 1275 2498">
     <span class='ocr_line' id='line_1_20' title="bbox 224 2402 1275 2498; baseline 0.002 -24"><span class='ocrx_word' id='word_1_147' title='bbox 224 2409 346 2475; x_wconf 68' lang='lat' dir='ltr'><strong>‘saltem</strong></span> <span class='ocrx_word' id='word_1_148' title='bbox 358 2411 473 2476; x_wconf 86' lang='lat' dir='ltr'><strong>scribi:</strong></span> <span class='ocrx_word' id='word_1_149' title='bbox 489 2415 524 2476; x_wconf 86' lang='lat' dir='ltr'><strong>G.</strong></span> <span class='ocrx_word' id='word_1_150' title='bbox 538 2414 702 2493; x_wconf 90' lang='lat' dir='ltr'><strong>Caecilius,</strong></span> <span class='ocrx_word' id='word_1_151' title='bbox 718 2414 751 2478; x_wconf 86' lang='lat' dir='ltr'><strong>h.</strong></span> <span class='ocrx_word' id='word_1_152' title='bbox 765 2437 809 2493; x_wconf 89' lang='lat' dir='ltr'><strong>e.‚</strong></span> <span class='ocrx_word' id='word_1_153' title='bbox 824 2413 948 2477; x_wconf 87' lang='lat' dir='ltr'><strong>Plinius</strong></span> <span class='ocrx_word' id='word_1_154' title='bbox 959 2413 1078 2477; x_wconf 89' lang='lat' dir='ltr'><strong>minor.</strong></span> <span class='ocrx_word' id='word_1_155' title='bbox 1097 2402 1160 2476; x_wconf 86' lang='lat' dir='ltr'><strong>Hic</strong></span> <span class='ocrx_word' id='word_1_156' title='bbox 1173 2410 1275 2498; x_wconf 83' lang='lat' dir='ltr'><strong>igitur</strong></span> 
     </span>
    </p>

    <p class='ocr_par' dir='ltr' id='par_1_14' title="bbox 231 2511 1275 2606">
     <span class='ocr_line' id='line_1_21' title="bbox 231 2511 1275 2606; baseline 0.001 -27"><span class='ocrx_word' id='word_1_157' title='bbox 231 2517 372 2603; x_wconf 85' lang='lat' dir='ltr'><strong>scriptor</strong></span> <span class='ocrx_word' id='word_1_158' title='bbox 394 2539 593 2606; x_wconf 79' lang='lat' dir='ltr'><strong>anonymus,</strong></span> <span class='ocrx_word' id='word_1_159' title='bbox 617 2517 795 2583; x_wconf 87' lang='lat' dir='ltr'><strong>Eusebiani</strong></span> <span class='ocrx_word' id='word_1_160' title='bbox 815 2516 970 2583; x_wconf 89' lang='lat' dir='ltr'><strong>Chronici</strong></span> <span class='ocrx_word' id='word_1_161' title='bbox 991 2511 1093 2581; x_wconf 81' lang='lat' dir='ltr'><strong>fidem</strong></span> <span class='ocrx_word' id='word_1_162' title='bbox 1113 2515 1148 2579; x_wconf 93' lang='lat' dir='ltr'><strong>in</strong></span> <span class='ocrx_word' id='word_1_163' title='bbox 1168 2516 1275 2603; x_wconf 84' lang='lat' dir='ltr'><strong>patria</strong></span> 
     </span>
    </p>

    <p class='ocr_par' dir='ltr' id='par_1_15' title="bbox 229 2614 1274 2711">
     <span class='ocr_line' id='line_1_22' title="bbox 229 2614 1274 2711; baseline 0.001 -28"><span class='ocrx_word' id='word_1_164' title='bbox 229 2614 423 2701; x_wconf 84' lang='lat' dir='ltr'><strong>Quintiliani</strong></span> <span class='ocrx_word' id='word_1_165' title='bbox 432 2621 599 2710; x_wconf 88' lang='lat' dir='ltr'><strong>rejiciens,</strong></span> <span class='ocrx_word' id='word_1_166' title='bbox 610 2624 767 2688; x_wconf 84' lang='lat' dir='ltr'><strong>Plinianae</strong></span> <span class='ocrx_word' id='word_1_167' title='bbox 776 2645 855 2688; x_wconf 88' lang='lat' dir='ltr'><strong>vero</strong></span> <span class='ocrx_word' id='word_1_168' title='bbox 866 2622 1013 2711; x_wconf 82' lang='lat' dir='ltr'><strong>epistolae</strong></span> <span class='ocrx_word' id='word_1_169' title='bbox 1022 2618 1161 2687; x_wconf 89' lang='lat' dir='ltr'><strong>credens</strong></span> <span class='ocrx_word' id='word_1_170' title='bbox 1170 2619 1274 2684; x_wconf 90' lang='lat' dir='ltr'><strong>filiam</strong></span> 
     </span>
    </p>

    <p class='ocr_par' dir='ltr' id='par_1_16' title="bbox 230 2720 1275 2816">
     <span class='ocr_line' id='line_1_23' title="bbox 230 2720 1275 2816; baseline 0.001 -28"><span class='ocrx_word' id='word_1_171' title='bbox 230 2723 272 2788; x_wconf 89' lang='lat' dir='ltr'><strong>ab</strong></span> <span class='ocrx_word' id='word_1_172' title='bbox 287 2724 407 2790; x_wconf 90' lang='lat' dir='ltr'><strong>eodem</strong></span> <span class='ocrx_word' id='word_1_173' title='bbox 419 2748 490 2803; x_wconf 82' lang='lat' dir='ltr'><strong>esse</strong></span> <span class='ocrx_word' id='word_1_174' title='bbox 502 2738 704 2815; x_wconf 85' lang='lat' dir='ltr'><strong>susceptam,</strong></span> <span class='ocrx_word' id='word_1_175' title='bbox 720 2750 795 2816; x_wconf 83' lang='lat' dir='ltr'><strong>quae</strong></span> <span class='ocrx_word' id='word_1_176' title='bbox 808 2728 918 2792; x_wconf 84' lang='lat' dir='ltr'><strong>Nonio</strong></span> <span class='ocrx_word' id='word_1_177' title='bbox 928 2720 1015 2810; x_wconf 85' lang='lat' dir='ltr'><strong>(non</strong></span> <span class='ocrx_word' id='word_1_178' title='bbox 1027 2725 1152 2808; x_wconf 87' lang='lat' dir='ltr'><strong>Novio)</strong></span> <span class='ocrx_word' id='word_1_179' title='bbox 1165 2724 1275 2790; x_wconf 85' lang='lat' dir='ltr'><strong>Celeri</strong></span> 
     </span>
    </p>

    <p class='ocr_par' dir='ltr' id='par_1_17' title="bbox 230 2829 1272 2920">
     <span class='ocr_line' id='line_1_24' title="bbox 230 2829 1272 2920; baseline 0.002 -27"><span class='ocrx_word' id='word_1_180' title='bbox 230 2831 265 2907; x_wconf 86' lang='grc'><strong>13</strong></span> <span class='ocrx_word' id='word_1_181' title='bbox 282 2831 528 2896; x_wconf 85' lang='lat' dir='ltr'><strong>matrimonium</strong></span> <span class='ocrx_word' id='word_1_182' title='bbox 544 2829 693 2913; x_wconf 83' lang='lat' dir='ltr'><strong>cederet,</strong></span> <span class='ocrx_word' id='word_1_183' title='bbox 710 2833 744 2897; x_wconf 93' lang='lat' dir='ltr'><strong>in</strong></span> <span class='ocrx_word' id='word_1_184' title='bbox 759 2849 910 2898; x_wconf 89' lang='lat' dir='ltr'><strong>neutram</strong></span> <span class='ocrx_word' id='word_1_185' title='bbox 924 2848 1052 2920; x_wconf 89' lang='lat' dir='ltr'><strong>partem</strong></span> <span class='ocrx_word' id='word_1_186' title='bbox 1064 2846 1272 2896; x_wconf 87' lang='lat' dir='ltr'><strong>momentum</strong></span> 
     </span>
    </p>

    <p class='ocr_par' dir='ltr' id='par_1_18' title="bbox 225 2927 1271 3025">
     <span class='ocr_line' id='line_1_25' title="bbox 225 2927 1271 3025; baseline 0 -27"><span class='ocrx_word' id='word_1_187' title='bbox 225 2935 528 3002; x_wconf 84' lang='lat' dir='ltr'><strong>·faci&#39;t.&#39;Dodwellus</strong></span> <span class='ocrx_word' id='word_1_188' title='bbox 542 2939 631 3001; x_wconf 90' lang='lat' dir='ltr'><strong>enim</strong></span> <span class='ocrx_word' id='word_1_189' title='bbox 646 2937 730 3002; x_wconf 87' lang='lat' dir='ltr'><strong>mira</strong></span> <span class='ocrx_word' id='word_1_190' title='bbox 744 2937 876 3002; x_wconf 86' lang='lat' dir='ltr'><strong>solertia</strong></span> <span class='ocrx_word' id='word_1_191' title='bbox 888 2927 1126 3025; x_wconf 85' lang='lat' dir='ltr'><strong>extemporum</strong></span> <span class='ocrx_word' id='word_1_192' title='bbox 1138 2936 1271 3000; x_wconf 89' lang='lat' dir='ltr'><strong>rationi-</strong></span> 
     </span>
    </p>

    <p class='ocr_par' dir='ltr' id='par_1_19' title="bbox 230 3039 1273 3135">
     <span class='ocr_line' id='line_1_26' title="bbox 230 3039 1273 3132; baseline -0.001 -27"><span class='ocrx_word' id='word_1_193' title='bbox 230 3039 517 3123; x_wconf 57' lang='lat' dir='ltr'><strong>bus-elficit‘mnn.</strong></span> <span class='ocrx_word' id='word_1_194' title='bbox 534 3039 562 3132; x_wconf 82' lang='lat'><strong>§.</strong></span> <span class='ocrx_word' id='word_1_195' title='bbox 577 3047 614 3129; x_wconf 88' lang='lat'><strong>9)</strong></span> <span class='ocrx_word' id='word_1_196' title='bbox 624 3065 685 3131; x_wconf 89' lang='lat' dir='ltr'><strong>per</strong></span> <span class='ocrx_word' id='word_1_197' title='bbox 696 3059 772 3107; x_wconf 87' lang='lat' dir='ltr'><strong>octo</strong></span> <span class='ocrx_word' id='word_1_198' title='bbox 785 3065 890 3108; x_wconf 88' lang='lat' dir='ltr'><strong>annos</strong></span> <span class='ocrx_word' id='word_1_199' title='bbox 901 3065 978 3108; x_wconf 89' lang='lat' dir='ltr'><strong>cum</strong></span> <span class='ocrx_word' id='word_1_200' title='bbox 991 3041 1094 3106; x_wconf 86' lang='lat' dir='ltr'><strong>Galba</strong></span> <span class='ocrx_word' id='word_1_201' title='bbox 1103 3057 1273 3106; x_wconf 74' lang='lat' dir='ltr'><strong>versatum</strong></span> 
     </span>
    </p>

    <p class='ocr_par' dir='ltr' id='par_1_20' title="bbox 224 3143 1272 3236">
     <span class='ocr_line' id='line_1_27' title="bbox 224 3143 1272 3236; baseline -0.001 -26"><span class='ocrx_word' id='word_1_202' title='bbox 224 3145 265 3210; x_wconf 90' lang='lat' dir='ltr'><strong>-in</strong></span> <span class='ocrx_word' id='word_1_203' title='bbox 282 3146 438 3234; x_wconf 87' lang='lat' dir='ltr'><strong>Hispania</strong></span> <span class='ocrx_word' id='word_1_204' title='bbox 454 3145 560 3210; x_wconf 88' lang='lat' dir='ltr'><strong>videri</strong></span> <span class='ocrx_word' id='word_1_205' title='bbox 575 3143 830 3229; x_wconf 87' lang='lat' dir='ltr'><strong>Quintilianum,</strong></span> <span class='ocrx_word' id='word_1_206' title='bbox 846 3148 904 3236; x_wconf 90' lang='lat' dir='ltr'><strong>qui</strong></span> <span class='ocrx_word' id='word_1_207' title='bbox 916 3169 993 3211; x_wconf 89' lang='lat' dir='ltr'><strong>saue</strong></span> <span class='ocrx_word' id='word_1_208' title='bbox 1006 3148 1119 3212; x_wconf 86' lang='lat' dir='ltr'><strong>Romae</strong></span> <span class='ocrx_word' id='word_1_209' title='bbox 1133 3147 1176 3210; x_wconf 88' lang='lat' dir='ltr'><strong>sit</strong></span> <span class='ocrx_word' id='word_1_210' title='bbox 1189 3143 1272 3209; x_wconf 91' lang='lat' dir='ltr'><strong>edu-</strong></span> 
     </span>
    </p>

    <p class='ocr_par' dir='ltr' id='par_1_21' title="bbox 164 3251 1274 3657">
     <span class='ocr_line' id='line_1_28' title="bbox 225 3251 1274 3339; baseline 0 -23"><span class='ocrx_word' id='word_1_211' title='bbox 225 3252 338 3328; x_wconf 81' lang='lat' dir='ltr'><strong>catus,</strong></span> <span class='ocrx_word' id='word_1_212' title='bbox 358 3251 452 3339; x_wconf 89' lang='lat' dir='ltr'><strong>cnjns</strong></span> <span class='ocrx_word' id='word_1_213' title='bbox 467 3251 628 3339; x_wconf 86' lang='lat' dir='ltr'><strong>temporis</strong></span> <span class='ocrx_word' id='word_1_214' title='bbox 646 3251 736 3315; x_wconf 88' lang='lat' dir='ltr'><strong>nulla</strong></span> <span class='ocrx_word' id='word_1_215' title='bbox 751 3275 863 3316; x_wconf 91' lang='lat' dir='ltr'><strong>rerum</strong></span> <span class='ocrx_word' id='word_1_216' title='bbox 878 3254 992 3317; x_wconf 83' lang='lat' dir='ltr'><strong>Romae</strong></span> <span class='ocrx_word' id='word_1_217' title='bbox 1010 3267 1175 3339; x_wconf 83' lang='lat' dir='ltr'><strong>gestarum</strong></span> <span class='ocrx_word' id='word_1_218' title='bbox 1193 3269 1274 3318; x_wconf 88' lang='lat' dir='ltr'><strong>uota</strong></span> 
     </span>
     <span class='ocr_line' id='line_1_29' title="bbox 164 3354 1274 3444; baseline -0.002 -24"><span class='ocrx_word' id='word_1_219' title='bbox 164 3415 166 3420; x_wconf 89' lang='lat'>.</span> <span class='ocrx_word' id='word_1_220' title='bbox 231 3355 407 3442; x_wconf 88' lang='lat' dir='ltr'><strong>inscriptis</strong></span> <span class='ocrx_word' id='word_1_221' title='bbox 420 3354 512 3420; x_wconf 86' lang='lat' dir='ltr'><strong>Fabii</strong></span> <span class='ocrx_word' id='word_1_222' title='bbox 525 3372 722 3444; x_wconf 88' lang='lat' dir='ltr'><strong>compareat.</strong></span> <span class='ocrx_word' id='word_1_223' title='bbox 738 3359 787 3421; x_wconf 86' lang='lat' dir='ltr'><strong>lta</strong></span> <span class='ocrx_word' id='word_1_224' title='bbox 799 3355 964 3422; x_wconf 87' lang='lat' dir='ltr'><strong>Chronico</strong></span> <span class='ocrx_word' id='word_1_225' title='bbox 976 3355 1036 3439; x_wconf 90' lang='lat' dir='ltr'><strong>(ad</strong></span> <span class='ocrx_word' id='word_1_226' title='bbox 1048 3355 1180 3443; x_wconf 77' lang='lat' dir='ltr'><strong>Olymp.</strong></span> <span class='ocrx_word' id='word_1_227' title='bbox 1192 3358 1274 3439; x_wconf 83' lang='lat'><em>211)</em></span> 
     </span>
     <span class='ocr_line' id='line_1_30' title="bbox 231 3457 1272 3549; baseline 0.002 -26"><span class='ocrx_word' id='word_1_228' title='bbox 231 3457 314 3524; x_wconf 87' lang='lat' dir='ltr'><strong>fides</strong></span> <span class='ocrx_word' id='word_1_229' title='bbox 322 3457 484 3524; x_wconf 84' lang='lat' dir='ltr'><strong>constabit</strong></span> <span class='ocrx_word' id='word_1_230' title='bbox 493 3458 658 3549; x_wconf 89' lang='lat' dir='ltr'><strong>prodenti,</strong></span> <span class='ocrx_word' id='word_1_231' title='bbox 666 3459 1042 3543; x_wconf 84' lang='lat' dir='ltr'><strong>QuintilianumaGalba</strong></span> <span class='ocrx_word' id='word_1_232' title='bbox 1049 3461 1189 3523; x_wconf 91' lang='lat' dir='ltr'><strong>Romam</strong></span> <span class='ocrx_word' id='word_1_233' title='bbox 1200 3481 1272 3525; x_wconf 88' lang='lat' dir='ltr'><strong>esse</strong></span> 
     </span>
     <span class='ocr_line' id='line_1_31' title="bbox 230 3562 1273 3657; baseline 0.002 -29"><span class='ocrx_word' id='word_1_234' title='bbox 230 3562 427 3644; x_wconf 85' lang='lat' dir='ltr'><strong>adductum,</strong></span> <span class='ocrx_word' id='word_1_235' title='bbox 446 3567 586 3652; x_wconf 87' lang='lat' dir='ltr'><strong>patriam</strong></span> <span class='ocrx_word' id='word_1_236' title='bbox 603 3589 684 3632; x_wconf 84' lang='lat' dir='ltr'><strong>vero</strong></span> <span class='ocrx_word' id='word_1_237' title='bbox 695 3567 773 3657; x_wconf 85' lang='lat' dir='ltr'><strong>ejus</strong></span> <span class='ocrx_word' id='word_1_238' title='bbox 792 3566 985 3655; x_wconf 87' lang='lat' dir='ltr'><strong>Hispaniam</strong></span> <span class='ocrx_word' id='word_1_239' title='bbox 1003 3563 1177 3630; x_wconf 89' lang='lat' dir='ltr'><strong>credemus</strong></span> <span class='ocrx_word' id='word_1_240' title='bbox 1192 3563 1273 3631; x_wconf 90' lang='lat' dir='ltr'><strong>huic</strong></span> 
     </span>
    </p>
   </div>
   <div class='ocr_carea' id='block_1_2' title="bbox 223 3738 1271 4081">
    <p class='ocr_par' dir='ltr' id='par_1_22' title="bbox 223 3738 1271 4081">
     <span class='ocr_line' id='line_1_32' title="bbox 267 3738 1270 3816; baseline 0 -24"><span class='ocrx_word' id='word_1_241' title='bbox 267 3738 300 3811; x_wconf 77' lang='lat'><strong>(*)</strong></span> <span class='ocrx_word' id='word_1_242' title='bbox 314 3741 356 3792; x_wconf 82' lang='lat' dir='ltr'><strong>Bis</strong></span> <span class='ocrx_word' id='word_1_243' title='bbox 370 3755 504 3814; x_wconf 85' lang='lat' dir='ltr'><strong>comparet</strong></span> <span class='ocrx_word' id='word_1_244' title='bbox 514 3739 571 3794; x_wconf 82' lang='grc'><strong>13333</strong></span> <span class='ocrx_word' id='word_1_245' title='bbox 582 3743 635 3796; x_wconf 85' lang='grc'><strong>3133</strong></span> <span class='ocrx_word' id='word_1_246' title='bbox 646 3743 672 3794; x_wconf 92' lang='grc'><strong>13</strong></span> <span class='ocrx_word' id='word_1_247' title='bbox 685 3742 797 3797; x_wconf 87' lang='lat' dir='ltr'><strong>editione</strong></span> <span class='ocrx_word' id='word_1_248' title='bbox 808 3746 908 3795; x_wconf 87' lang='lat' dir='ltr'><strong>Veneta</strong></span> <span class='ocrx_word' id='word_1_249' title='bbox 923 3741 1007 3812; x_wconf 72' lang='grc'><strong>3494,</strong></span> <span class='ocrx_word' id='word_1_250' title='bbox 1016 3760 1072 3816; x_wconf 66' lang='lat' dir='ltr'><strong>quse</strong></span> <span class='ocrx_word' id='word_1_251' title='bbox 1084 3743 1181 3814; x_wconf 89' lang='lat' dir='ltr'><strong>inipso</strong></span> <span class='ocrx_word' id='word_1_252' title='bbox 1193 3741 1270 3794; x_wconf 92' lang='lat' dir='ltr'><strong>titulo</strong></span> 
     </span>
     <span class='ocr_line' id='line_1_33' title="bbox 232 3814 1271 3901; baseline 0.001 -22"><span class='ocrx_word' id='word_1_253' title='bbox 232 3824 327 3879; x_wconf 81' lang='lat' dir='ltr'><strong>dicitur</strong></span> <span class='ocrx_word' id='word_1_254' title='bbox 340 3845 396 3880; x_wconf 84' lang='lat' dir='ltr'><strong>esse</strong></span> <span class='ocrx_word' id='word_1_255' title='bbox 415 3850 426 3873; x_wconf 70' lang='lat' dir='ltr'><strong>a</strong></span> <span class='ocrx_word' id='word_1_256' title='bbox 438 3847 499 3880; x_wconf 90' lang='lat' dir='ltr'><strong>cum</strong></span> <span class='ocrx_word' id='word_1_257' title='bbox 514 3824 663 3883; x_wconf 87' lang='lat' dir='ltr'><strong>commento</strong></span> <span class='ocrx_word' id='word_1_258' title='bbox 674 3832 806 3882; x_wconf 85' lang='lat' dir='ltr'><strong>Laurentii</strong></span> <span class='ocrx_word' id='word_1_259' title='bbox 817 3830 917 3883; x_wconf 76' lang='lat' dir='ltr'><strong>Vallaen</strong></span> <span class='ocrx_word' id='word_1_260' title='bbox 936 3824 985 3882; x_wconf 88' lang='lat' dir='ltr'><strong>etc.</strong></span> <span class='ocrx_word' id='word_1_261' title='bbox 1003 3814 1116 3901; x_wconf 85' lang='lat' dir='ltr'><strong>primum</strong></span> <span class='ocrx_word' id='word_1_262' title='bbox 1127 3831 1155 3880; x_wconf 88' lang='lat' dir='ltr'><strong>in</strong></span> <span class='ocrx_word' id='word_1_263' title='bbox 1165 3829 1271 3894; x_wconf 86' lang='lat' dir='ltr'><strong>fronte,</strong></span> 
     </span>
     <span class='ocr_line' id='line_1_34' title="bbox 223 3913 1271 3990; baseline 0.005 -26"><span class='ocrx_word' id='word_1_264' title='bbox 223 3913 327 3967; x_wconf 84' lang='lat' dir='ltr'><strong>&#39;deiude</strong></span> <span class='ocrx_word' id='word_1_265' title='bbox 339 3913 372 3967; x_wconf 87' lang='lat' dir='ltr'><strong>ad</strong></span> <span class='ocrx_word' id='word_1_266' title='bbox 384 3914 481 3968; x_wconf 84' lang='lat' dir='ltr'><strong>calcem</strong></span> <span class='ocrx_word' id='word_1_267' title='bbox 493 3914 687 3989; x_wconf 75' lang='lat' dir='ltr'><strong>operis&#39;.&#39;²Priore</strong></span> <span class='ocrx_word' id='word_1_268' title='bbox 699 3917 857 3971; x_wconf 87' lang='grc'><strong>3333331333</strong></span> <span class='ocrx_word' id='word_1_269' title='bbox 869 3919 1007 3990; x_wconf 85' lang='lat' dir='ltr'><strong>postremis</strong></span> <span class='ocrx_word' id='word_1_270' title='bbox 1019 3918 1173 3968; x_wconf 86' lang='lat' dir='ltr'><strong>narrationis</strong></span> <span class='ocrx_word' id='word_1_271' title='bbox 1185 3915 1271 3969; x_wconf 79' lang='lat' dir='ltr'><strong>verbis</strong></span> 
     </span>
     <span class='ocr_line' id='line_1_35' title="bbox 232 4002 1208 4081; baseline 0 -27"><span class='ocrx_word' id='word_1_272' title='bbox 232 4003 359 4057; x_wconf 82' lang='lat' dir='ltr'><strong>continuo</strong></span> <span class='ocrx_word' id='word_1_273' title='bbox 370 4002 488 4060; x_wconf 70' lang='grc'><strong>3313113333</strong></span> <span class='ocrx_word' id='word_1_274' title='bbox 504 4004 576 4072; x_wconf 59' lang='lat' dir='ltr'><strong>&amp;Sati</strong></span> <span class='ocrx_word' id='word_1_275' title='bbox 584 4008 639 4078; x_wconf 87' lang='lat' dir='ltr'><strong>jam</strong></span> <span class='ocrx_word' id='word_1_276' title='bbox 650 4004 685 4059; x_wconf 84' lang='lat' dir='ltr'><strong>ad</strong></span> <span class='ocrx_word' id='word_1_277' title='bbox 696 4007 779 4081; x_wconf 83' lang='lat' dir='ltr'><strong>ipsam</strong></span> <span class='ocrx_word' id='word_1_278' title='bbox 791 4007 1030 4079; x_wconf 81' lang='lat' dir='ltr'><strong>interpretationem</strong></span> <span class='ocrx_word' id='word_1_279' title='bbox 1040 4006 1183 4060; x_wconf 79' lang='grc'><strong>3331333333.</strong></span> <span class='ocrx_word' id='word_1_280' title='bbox 1194 4027 1208 4054; x_wconf 65' lang='lat' dir='ltr'><strong>a</strong></span> 
     </span>
    </p>
   </div>
   <div class='ocr_carea' id='block_1_3' title="bbox 0 0 1328 4852">
    <p class='ocr_par' dir='ltr' id='par_1_23' title="bbox 0 0 1328 4852">
     <span class='ocr_line' id='line_1_36' title="bbox 0 0 1328 4852; baseline 0 0"><span class='ocrx_word' id='word_1_281' title='bbox 0 0 1328 4852; x_wconf 95' lang='lat' dir='ltr'><strong> </strong></span> 
     </span>
    </p>
   </div>
  </div>
 </body>
</html>
