2648 4852
235 397 273 475 14
464 393 638 458 oaoao.
663 393 771 458 nun.
796 393 1034 459 srinoiuo

230 515 326 581 Rhet.
340 516 494 580 Controil.
508 516 531 579 l.
545 517 585 593 V,
601 515 711 604 praef.)
725 517 873 604 negantis
884 516 1103 599 Quintiliano,
1119 516 1188 581 sive
1204 516 1269 606 ipsi

231 637 354 698 nostro,
366 620 433 684 sive
443 644 515 700 avo,
524 621 592 685 sive
600 621 684 708 patri
692 620 772 711 ejus,
780 621 972 687 tribuendas
980 644 1050 688 esse
1059 620 1269 688 declamatio-

231 749 289 791 nes
307 725 364 807 145
377 726 419 790 ab
433 727 591 814 Ugoleto,
605 724 755 807 AErodio,
772 728 899 793 Pithoeo
912 728 1032 810 editas,
1043 729 1147 817 magis
1156 745 1270 793 antem

231 833 370 896 faventis
381 831 588 919 undeviginti
601 831 782 920 prioribus,
797 855 870 922 quae
881 835 1008 899 soleant
1020 834 1178 924 conjungi
1192 857 1271 900 cum

231 961 333 1026 opere
354 938 611 1002 Institutionum.
633 937 785 1003 AErodius
805 939 949 1004 vicissim
968 940 1095 1029 aequior
1114 956 1164 1004 est
1184 940 1271 1028 frag-

230 1045 351 1107 mentis
363 1044 499 1107 istarum
517 1041 587 1123 145,
602 1058 635 1107 et
647 1059 724 1107 sunt
737 1065 815 1108 sane
830 1044 943 1108 earum
956 1045 1271 1133 argumentaminus

231 1148 273 1216 ad
286 1146 464 1228 fabulosas,
476 1170 557 1236 quas
569 1147 733 1237 improbat
745 1165 858 1213 noster
867 1148 924 1213 lib.
939 1153 984 1229 ll,
995 1150 1018 1214 l.
1032 1171 1076 1229 c.,
1090 1148 1272 1237 praestigias

232 1255 424 1343 composita.

190 1348 192 1355 ¹
275 1360 406 1427 Accedo
424 1359 466 1425 ad
485 1360 704 1426 recensendos
724 1361 862 1428 Codices
879 1363 967 1428 MSS.
986 1357 1086 1453 hujus
1105 1361 1215 1452 operis
1235 1363 1272 1426 in

231 1465 440 1531 bibliothecis
460 1484 621 1546 servatos,
638 1491 705 1557 quo
724 1469 757 1531 iu
776 1491 896 1556 genere
915 1490 957 1532 ne
976 1469 1050 1557 quis
1066 1468 1273 1556 diligentiam

232 1573 379 1636 virorum
390 1573 425 1636 in
434 1571 524 1637 hisce
535 1573 651 1637 litteris
663 1572 880 1637 habitantium
892 1582 913 1637 a
923 1595 976 1638 me
989 1590 1152 1663 expectet,
1165 1573 1199 1636 in
1212 1594 1272 1637 an-

232 1693 396 1743 tecessum
419 1675 630 1765 deprecabor.
650 1678 774 1743 Videor
798 1679 887 1743 enim
915 1679 1108 1743 mandatum
1136 1679 1271 1768 proprie

206 1822 209 1835 ·
232 1806 344 1847 meum
357 1800 566 1863 executurus,
582 1784 609 1848 si
623 1805 738 1848 eorum
750 1805 833 1873 quos
847 1806 1004 1872 usurpare
1019 1784 1101 1848 mihi
1117 1779 1278 1871 contigit,

234 1912 301 1954 non
324 1889 548 1977 poenitendam
569 1890 719 1954 notitiam
740 1889 874 1954 dedero.
899 1891 1011 1971 Qualis
1033 1907 1119 1955 esset
1139 1888 1276 1954 Codicis

233 1994 378 2062 Gothani
392 1994 552 2074 conditio,
568 1995 748 2075 Gesnerus,
761 1995 817 2084 qui
834 1996 961 2083 primus
974 2018 1050 2059 eum
1067 1995 1206 2061 contulit
1219 1994 1274 2061 in-

233 2116 383 2190 tegrum,
409 2100 485 2165 satis
512 2100 546 2164 in
569 2099 760 2189 praefatione
787 2100 947 2188 exposuit.
974 2100 1052 2189 Ejus
1078 2116 1192 2174 tamen-
1215 2120 1274 2164 co-

234 2208 322 2295 piam
346 2229 449 2295 quum
472 2205 544 2269 lieri
563 2205 644 2269 mihi
661 2228 758 2295 posse
778 2228 960 2294 sperarem,
977 2204 1043 2269 adii
1061 2206 1169 2270 virum
1189 2202 1273 2275 mihi

234 2313 384 2400 inprimis
408 2312 573 2376 faventem
596 2309 799 2375 Fridericum
823 2307 1086 2398 Stltlichtegmll,
1108 2311 1272 2398 professo·

234 2439 305 2480 rem
331 2433 364 2481 et
385 2415 672 2480 bibliothecarium
694 2413 906 2495 Gothanum,
927 2431 966 2479 ut
988 2438 1085 2483 usum
1104 2414 1180 2479 libri
1202 2437 1274 2502 pre·

234 2523 310 2586 tiosi
335 2523 525 2610 impetraret
546 2519 638 2585 mihi.
667 2518 777 2586 Facile
797 2539 908 2585 autem
933 2519 1025 2585 dedit
1045 2521 1109 2587 hoc
1132 2521 1215 2586 meis
1240 2535 1274 2584 et

235 2626 331 2693 amici
342 2626 495 2715 precibus
507 2627 790 2729 praestantissimus
802 2627 984 2707 Geislerus,
1000 2628 1199 2694 serenissimi
1212 2626 1271 2690 du·

236 2734 281 2800 cis
294 2756 313 2796 a
327 2732 472 2803 consiliis
487 2733 599 2797 aulicis
618 2748 651 2796 et
665 2731 875 2798 bibliothecae
890 2735 1035 2798 antistes.
1054 2735 1177 2797 lterum
1195 2754 1273 2797 cum

235 2841 434 2906 Gesneriana
451 2838 596 2905 editione
612 2841 768 2906 contendi
784 2840 956 2922 Codicem,
975 2864 1012 2907 ea
1028 2858 1188 2906 annotans
1207 2840 1272 2904 sin-

169 2949 171 2952 ’
236 2947 326 3036 gula,
340 2967 557 3035 quaecumque
573 2947 735 3012 omisisset
753 2948 934 3026 Gesnerus,
954 2948 1070 3037 inquo
1087 2946 1201 3011 labore
1219 2943 1273 3009 vel

234 3053 405 3118 vilissimas
414 3054 586 3118 varietates
595 3052 833 3118 transcribendi
843 3053 977 3118 taedium
988 3053 1146 3118 devorare
1155 3051 1272 3131 malui,

236 3180 335 3249 quam
350 3157 532 3248 quidquam
548 3160 807 3246 praetermittere.
821 3160 997 3248 Conjectus
1013 3140 1110 3224 est'in
1124 3157 1272 3222 chartam

235 3264 351 3353 ingens
368 3264 590 3344 aberrantium
606 3265 840 3352 scripturarum
858 3262 998 3329 acervus'
1012 3264 1185 3328 maximam
1201 3263 1274 3352 qui-

203 3417 204 3420 *
236 3370 314 3435 dem
335 3387 463 3458 partem
485 3371 649 3449 futilium,
674 3394 776 3457 quum
800 3370 1040 3460 praestantiores
1063 3368 1274 3457 praecepisset

237 3477 413 3541 Gesnerus.
428 3478 491 3540 Eas
506 3498 620 3540 omnes
632 3476 745 3541 lectori
762 3475 936 3541 effundere
950 3475 1063 3562 religio
1075 3475 1149 3538 fuit.
1164 3477 1273 3561 Appo-

236 3582 287 3645 sui
303 3598 413 3645 tamen
429 3581 631 3670 ubicumque
646 3581 770 3670 aliquid
785 3582 946 3647 momenti
959 3583 992 3644 in
1006 3582 1045 3644 iis
1059 3579 1143 3644 verti
1159 3577 1272 3643 crede·

237 3709 321 3766 rem,
333 3708 471 3750 monens
481 3687 592 3766 simul,
604 3688 631 3752 si
644 3710 724 3777 quas
734 3688 899 3753 Gesnerus
911 3711 979 3752 non
990 3701 1191 3765 annotasset,
1203 3707 1273 3749 nou

237 3815 278 3857 eo
294 3809 383 3858 certe
400 3793 555 3873 consilio,
574 3810 612 3858 ut
626 3795 697 3858 viro
715 3772 980 3882 praestantissimo
995 3792 1202 3870 insultarem,
1219 3787 1273 3853 vel

235 3922 344 3965 meam
364 3900 584 3994 diligentiam,-
607 3925 674 3992 prae
696 3903 765 3992 ejus
786 3903 928 3985 incuria,
951 3899 1155 3966 venditorem
1175 3901 1271 3982 (nam

236 4007 327 4075 stulti
350 4007 472 4072 eratin
495 4009 722 4096 patientissimi
742 3995 1079 4097 cujusque'mancipii
1102 4000 1272 4069 stomacho
