2656 4852
134 414 175 479 26
368 409 542 476 GEORG.
568 409 677 475 LUD.
701 410 940 479 SPALle'G

168 541 332 612 usurpatus,
344 544 372 588 et
383 543 439 589 tres
448 535 518 601 moi,
531 531 651 589 efficitur
664 552 796 591 numerus
808 535 941 591 tredecim
951 535 1102 607 Codicum,
1111 556 1185 614 quo,

167 647 232 684 tum
241 627 404 682 auctoritate
415 625 507 681 adhuc
517 627 617 681 nititur
626 637 717 681 textus
728 625 939 697 Quintilianeus.

130 721 247 776 Parisiis.
265 723 344 790 1725.
358 723 387 773 F.
400 721 640 794 Gappsronnerius
650 731 766 796 quornm
776 738 872 797 poenas
883 720 992 777 dederit
1002 727 1177 793 Burmanno,

167 833 184 868 a
195 831 227 868 se
237 814 302 866 satis
314 821 444 887 proterve
456 810 597 880 lacessito,
608 814 693 868 etium
704 815 733 867 iu
745 810 844 889 vulgus
856 825 955 869 notum
966 826 1016 870 est.
1027 817 1178 871 verissima

168 916 211 960 est
222 907 358 960 sententia
366 906 474 959 Ernesti
483 903 552 960 Bibl.
563 908 621 959 Lat.
632 906 668 973 Π,
683 898 792 976 ι75,’ἰιι
801 907 896 962 critice
904 909 1011 962 ratione
1017 912 1178 962 Burmanno

167 997 329 1054 inferiorem
350 996 432 1074 longe
453 1000 708 1074 Capperounsrium
727 997 894 1072 judicantis,
919 1011 1049 1054 cutem
1070 1003 1130 1074 ejus
1150 1003 1178 1054 in

168 1089 504 1166 Quintiliano,.inprimis
523 1110 540 1146 e
557 1093 657 1147 Grecis
680 1076 840 1147 rhetoribus
861 1090 1043 1159 illustrando,
1062 1111 1178 1168 operam

63 1184 69 1193 ”
106 1243 109 1251 ,
167 1202 227 1239 non
244 1184 475 1241 contemnendam
494 1204 553 1242 esse
572 1187 725 1251 statuentis.
744 1184 887 1262 Quidquid
904 1187 978 1241 enim
996 1183 1139 1241 maledicit
1152 1197 1180 1239 et

138 1315 141 1319 -
168 1275 241 1333 ridet
249 1279 278 1331 in
288 1277 409 1353 Epistola
418 1277 454 1332 ed
462 1276 558 1335 Claud.
571 1281 826 1355 Capperonnerium
834 1277 987 1354 scripta(L.
997 1283 1025 1332 B.
1042 1280 1125 1350 1726.
1136 1279 1179 1349 4.)

167 1373 355 1439 burmannus,
365 1370 515 1426 rhetorices
525 1369 674 1426 artificialis
680 1373 791 1439 notitia,
801 1368 890 1447 qualis
900 1379 959 1429 erat
967 1369 1095 1446 profecto
1105 1370 1180 1427 haud

168 1464 267 1537 exigua
280 1464 310 1516 in
323 1466 565 1540 Capperonnsrio,
580 1468 735 1520 necessaria
747 1463 828 1540 plane
839 1475 882 1520 est
894 1463 930 1518 ad
940 1464 1179 1540 interpretandum

167 1556 298 1626 Fabium,
307 1560 365 1613 imo
375 1557 409 1614 ad
419 1560 540 1635 pretium
548 1559 718 1615 sariuntibus
730 1560 876 1635 scripturis
884 1557 1089 1634 assignandum.
1103 1564 1179 1614 Hanc

168 1670 236 1707 vero
247 1652 315 1708 dum
326 1653 398 1708 infra
407 1672 437 1709 se
446 1657 565 1730 positam
576 1657 713 1710 existimat
722 1659 907 1722 Burmannus,
920 1655 1084 1728 scriptorem
1098 1672 1180 1708 suum

168 1761 240 1823 saepe
252 1766 309 1802 non
321 1759 362 1802 est
374 1759 522 1803 assecutus.
536 1753 569 1803 Et
579 1747 705 1825 profecto
718 1749 787 1802 mis-a
799 1756 841 1801 est
852 1744 1028 1822 simplicitas,
1041 1760 1139 1802 earum
1151 1765 1180 1802 se

168 1856 262 1894 rerum
275 1841 434 1916 imperitum
446 1851 473 1895 ct
485 1858 613 1895 securum
624 1839 747 1916 profiteri
756 1879 764 1908 ,
773 1858 842 1915 quas
854 1850 952 1895 tractet
963 1840 1082 1915 scriptor
1095 1859 1180 1914 quem

169 1931 236 1986 edis.
245 1933 374 1987 Vicissim
382 1936 624 2009 Capperon'nerius
633 1932 782 2008 puerilem,
793 1951 828 1985 an
834 1931 925 1987 dicam
933 1930 1048 2000 anilem,
1055 1933 1085 1986 in
1095 1932 1180 1987 hacce

168 2027 271 2096 inopis
279 2027 439 2099 jactantiam
450 2044 507 2101 proe
519 2043 548 2080 se
560 2023 629 2093 fort,
642 2026 793 2101 sexcenties
805 2022 916 2078 easdem
928 2021 1124 2098 explicationes
1135 2025 1180 2077 in·

169 2133 284 2191 gerens,
301 2127 329 2171 et
344 2127 489 2172 stemmate
505 2115 726 2172 futilissimarum
744 2118 905 2182 notionum,
918 2132 1021 2190 magno
1031 2133 1097 2169 cum
1109 2125 1181 2169 stre·

169 2210 246 2284 pitu,
263 2206 412 2277 evolvens,
429 2207 507 2264 velut
525 2206 560 2264 ad
576 2213 627 2277 ΙΙΙ,
649 2210 682 2278 6,
700 2210 752 2272 86;
770 2212 846 2276 etv,
869 2224 919 2275 ro,
939 2209 984 2278 57,
1003 2225 1086 2281 quem
1107 2220 1181 2262 recte

169 2297 293 2375 explodit
305 2304 475 2355 Βιιιιιιιιιιιιιι
490 2302 574 2376 Epist.
587 2319 616 2376 p.
630 2301 675 2369 34.
692 2301 822 2355 criticam
833 2300 969 2353 rationem
978 2297 1060 2374 plane
1071 2302 1183 2374 ignorat

169 2389 258 2459 idom,
270 2393 323 2447 nisi
335 2391 423 2447 sicubi
436 2394 533 2446 notitia
545 2410 637 2446 rerum
650 2390 734 2467 adigit
745 2401 809 2446 eum
819 2402 847 2445 et
859 2394 932 2466 cogit
943 2394 1021 2466 quasi
1032 2391 1067 2447 atl
1079 2411 1181 2466 ugnos-

170 2482 286 2539 cendam
304 2502 399 2539 veram
416 2486 594 2559 scripturam,
613 2482 688 2560 quod
704 2483 848 2559 aliquoties
867 2486 893 2538 ei
911 2481 1043 2539 accidisse
1061 2487 1090 2538 in
1106 2487 1181 2539 notis

170 2592 325 2630 monemus.
349 2578 438 2630 Etiam
460 2578 593 2631 orationis
616 2579 719 2631 Latine
741 2578 878 2651 insignem
901 2572 1064 2651 plerumque
1087 2570 1183 2651 prodit

169 2669 346 2742 imperitiam.
359 2672 420 2722 Duo
430 2680 522 2723 autem
534 2680 668 2744 suntque
677 2671 819 2744 aegerrime
827 2666 938 2722 tulerim
949 2671 977 2721 in
990 2668 1044 2723 hoc
1052 2667 1182 2739 homine,

171 2776 259 2814 unum
267 2759 344 2836 quod
353 2763 517 2816 Parisienses
526 2759 642 2817 Codices
650 2763 705 2834 (5),
717 2779 837 2837 quorum
847 2759 923 2815 aditu
933 2776 1106 2836 nequaquam
1116 2781 1182 2836 pro·

170 2850 328 2921 hibebatur,
339 2872 416 2922 raro,
429 2854 654 2930 imo'nunquam,
666 2853 820 2923 consuluit,
833 2852 909 2928 quod
921 2855 1019 2907 merito
1032 2853 1182 2928 exprobrat

170 2946 197 3000 ei
212 2950 385 3002 Burmannus
400 2949 429 3001 in
441 2949 526 3024 Epist.
539 2967 566 3024 p.
582 2967 627 3020 79,
637 2947 671 3002 ad
682 2951 736 3017 Qu.
747 2952 796 3014 Vl,
812 2967 841 3014 a,
854 2949 885 3009 ὃς
899 2965 926 3021 p.
937 2950 1022 3021 Capp.
1035 2947 1085 2999 36·
1097 2969 1103 3011 ;
1114 2945 1182 3008 alte·

169 3056 233 3093 rum
249 3038 341 3114 quod,
353 3058 439 3116 qtrum
451 3051 588 3115 repeteret
599 3042 829 3095 Burmannianam
841 3036 1007 3106 editionem,
1023 3038 1181 3094 resecandis

170 3131 337 3207 quibusdam
353 3133 638 3189 animadversionibus
656 3150 672 3190 a
691 3151 720 3187 se
738 3130 916 3208 improbatis,
933 3148 992 3205 quae
1010 3132 1056 3184 vix
1075 3129 1181 3206 aliquot

169 3225 295 3302 plagulas
309 3226 469 3297 efficerent,
486 3231 678 3284 necessitatem
693 3227 774 3296 fecit,
790 3237 891 3304 praeter
905 3246 999 3296 suam,
1016 3238 1044 3281 et
1054 3226 1179 3282 emendae

171 3329 199 3374 et
210 3318 368 3376 evolvendae
380 3325 464 3377 etiam
475 3320 558 3377 illius.

133 3414 276 3488 Gottinqae.
305 3417 383 3485 1738.
409 3418 434 3484 4.
457 3418 732 3490 θεειιειοιφιιιιιὶιιω
753 3412 851 3468 debeat
871 3410 1072 3484 Quintilianus,
1095 3430 1179 3466 nemo

171 3505 295 3579 ignorem
308 3522 399 3582 neque
410 3524 503 3562 meum
512 3519 555 3564 est
566 3506 601 3562 de
610 3518 686 3562 tanto
698 3507 842 3563 decessore
853 3507 1016 3561 sententiam
1026 3501 1107 3559 ferre.

134 3595 315 3671 Wirceburgi.
333 3601 411 3669 1782.
426 3603 450 3653 8.
462 3600 682 3656 Chrestomathia
694 3599 885 3670 Quinctiliana.
895 3596 998 3653 Scholae
1007 3614 1062 3652 suae
1072 3616 1182 3651 accom-

172 3686 311 3757 modavit,
326 3701 460 3767 notasque
471 3695 614 3748 variorum
629 3703 656 3747 et
672 3710 735 3748 suas
752 3690 1002 3755 animadversiones
1016 3687 1117 3764 adjecit
1130 3693 1183 3746 Βο-

172 3790 326 3835 naventura
338 3780 454 3839 Andros.

135 3872 204 3928 ibid.
222 3877 300 3945 ¹793.
315 3878 340 3930 8.
356 3877 420 3931 Chr.
434 3880 486 3947 Qu.
500 3895 583 3953 quam
595 3875 728 3933 classibus
740 3873 949 3931 humanioribus
961 3871 1181 3929 accommodavit

172 3968 246 4022 notis
257 3969 399 4024 variorum
411 3981 438 4024 et
449 3972 520 4037 suis,
533 3969 638 4045 adJ'ecta
650 3973 678 4025 in
690 3984 817 4024 sermone
827 3971 916 4044 patrio
929 3966 1095 4044 appendice,
1106 3967 1182 4019 auxit

173 4070 202 4114 ct
208 4057 374 4117 dilucidavit
383 4065 543 4119 Laurentius
553 4061 636 4120 Blass.
647 4069 799 4120 Postremus
809 4062 903 4118 ambos
912 4080 964 4139 pro
973 4079 1028 4117 una
1038 4075 1182 4116 recensere
