2648 4852
470 383 727 452 sacrario.
1098 413 1119 480 9

83 517 173 583 atate
180 506 366 587 luvenalis,
375 512 512 597 apparet
518 506 617 595 hujus
626 525 735 597 poetae
744 509 876 576 satiram
884 514 1055 601 septimam
1067 515 1120 581 vix

83 615 225 704 potuisse
237 612 339 679 scribi
352 613 415 678 nisi
426 611 489 679 sub
502 611 681 678 Hadriano.
696 616 776 679 Haec
789 616 889 703 igitur
903 619 1000 683 satira
1013 642 1120 708 quum

84 720 231 788 ostendat
244 719 485 803 Quintilianum
501 718 694 785 affluentem
710 720 829 808 opibus
846 737 879 787 et
894 725 1117 804 consularem,

80 838 223 916 eumque
233 827 321 891 inter
329 825 422 892 vivos
431 823 541 890 adhuc
549 842 749 906 versantem,
763 826 858 892 facile
868 827 973 914 possis
982 827 1118 909 adduci,

81 950 116 998 ut
129 954 237 999 seram
255 929 371 997 credas
389 931 484 995 istam
499 931 720 1020 opulentiam,
741 955 815 1022 quae
831 934 902 998 seni
917 933 1119 1023 jamjamque

81 1039 240 1104 morituro
263 1038 509 1125 supervenerit,
534 1037 597 1102 nisi
620 1037 707 1103 forte
728 1037 793 1103 hoc
814 1039 886 1126 ipso
904 1041 953 1105 uti
977 1038 1120 1104 debebat

81 1143 263 1223 luvenalis,
279 1140 308 1207 si
322 1141 432 1206 resita
446 1140 647 1220 rehaberet,
662 1141 703 1206 ad
719 1142 963 1209 extenuandum
978 1145 1121 1233 exempli

80 1247 175 1338 hujus
188 1243 406 1313 momentum.
422 1246 606 1337 Conjuncta
617 1263 729 1312 autem
740 1265 790 1313 est
801 1247 872 1315 baec
884 1248 926 1314 de
937 1250 1004 1314 vita
1014 1249 1120 1332 Quin·

79 1353 200 1436 tiliani,
213 1351 257 1418 ad
272 1351 431 1418 Hadriani
445 1352 621 1442 imperium
635 1368 830 1442 propagata,
846 1353 1025 1443 disputatio
1042 1377 1121 1421 cum

78 1461 178 1526 altera
196 1457 241 1523 de
254 1457 490 1523 Consularibus
509 1459 728 1538 ornamentis,
744 1481 818 1549 quae
836 1482 897 1547 per
914 1459 1120 1524 Clementem

78 1565 213 1630 sortitus
229 1585 301 1629 esse
315 1579 466 1629 narratur
478 1561 519 1628 ab
534 1564 680 1629 Ausonio
695 1565 729 1628 iu
741 1566 917 1652 gratiarum
931 1566 1060 1631 actione
1076 1564 1120 1630 ad

78 1670 288 1749 Gratianum,
300 1693 334 1758 p.
348 1691 422 1757 ²9⁰·
433 1670 505 1756 Bip.
517 1669 696 1734 Clementis
708 1669 793 1734 filios
805 1693 876 1736 esse
889 1693 961 1750 eos,
975 1693 1120 1761 quorum

78 1775 138 1840 sibi
154 1799 177 1841 a
194 1774 386 1840 Domitiano
405 1797 517 1839 curam
536 1774 718 1863 delegatam
732 1792 841 1841 narrat
860 1778 931 1866 ipse
946 1775 1120 1858 Quintilia-

78 1904 137 1948 nus
151 1883 214 1960 lV,
229 1883 371 1947 Prooem.
385 1902 420 1959 2,
436 1903 550 1960 nemo,
567 1882 695 1968 opinor,
711 1881 857 1970 negabit,
871 1883 929 1971 qui
943 1883 1120 1947 contulerit

77 1987 272 2053 Suetonium
288 1985 323 2048 in
337 1984 527 2050 Domitiano
546 2009 574 2050 c.
597 1989 644 2051 15.
665 1989 714 2051 lta
730 1987 900 2075 probabile
915 1987 953 2052 fit
966 1986 1057 2052 bunc
1070 1989 1118 2077 ip·

78 2114 148 2158 sum
169 2090 377 2155 Clementem
397 2088 498 2154 hosce
518 2091 722 2171 Quintiliano
742 2089 886 2157 honores
906 2093 1119 2180 impetrasse;

77 2219 185 2287 neque
201 2212 315 2260 tamen
328 2194 455 2281 praemii
470 2194 547 2258 loco
563 2216 625 2282 pro
641 2195 846 2261 institutione
860 2197 1020 2276 filiorum,
1037 2220 1120 2286 quo·

76 2302 163 2366 niam
179 2303 219 2381 ii,
239 2316 277 2365 ut
289 2297 379 2367 recte
393 2316 507 2364 monet
521 2299 675 2364 Nicolaus
687 2301 848 2365 Antonius
865 2302 901 2364 in
916 2300 1119 2366 Bibliotheca

48 2439 50 2441 ·
76 2409 222 2497 Hispana
235 2422 365 2485 vetere,
384 2428 417 2494 p.
434 2404 492 2484 56,
513 2405 712 2493 interempto
732 2404 867 2469 demum
885 2422 994 2493 patre,
1013 2423 1118 2470 matre

77 2533 186 2580 autem
207 2513 393 2578 inexilium
411 2529 500 2592 acta,
522 2536 541 2577 a
558 2535 678 2601 magno
697 2512 861 2578 avunculo
877 2513 1067 2578 Domitiano
1083 2513 1118 2585 in

76 2620 217 2685 rhetoris
231 2619 336 2684 nostri
350 2616 556 2705 disciplinam
571 2635 649 2682 sunt
662 2616 783 2683 traditi.
804 2618 912 2684 Habet
930 2642 1009 2684 sane
1026 2619 1118 2707 quod

78 2724 249 2814 displiceat
259 2723 368 2788 honor
377 2723 438 2786 iste
451 2745 521 2790 non,
530 2745 549 2786 a
559 2721 721 2810 discipulo
732 2724 888 2811 quaesitus
899 2723 1117 2804 Quintiliano,

78 2830 133 2895 sed
147 2829 189 2894 ab
206 2827 355 2918 ejusdem
368 2843 478 2916 patre,
494 2845 527 2892 et
541 2827 676 2917 quidem
690 2845 867 2917 antequam
880 2829 984 2892 lilium
997 2829 1039 2892 ab
1054 2827 1119 2893 hoc

77 2951 279 3024 praeceptore
296 2934 482 2997 institutum
499 2934 538 2997 iri
555 2950 676 2998 nosset.
695 2932 760 2998 Sed
779 2933 860 3022 quid
878 2932 1032 3022 impedit,
1051 2956 1116 3021 quo

78 3043 184 3106 minus
197 3041 269 3128 ipse
280 3039 411 3103 Flavius
423 3039 593 3118 Clemens,
608 3038 729 3103 horum
741 3061 922 3125 puerorum
936 3023 1039 3126 pater,
1055 3037 1117 3101 dis-

78 3146 206 3235 cipulus
223 3145 324 3210 fuerit
336 3144 544 3226 Quintiliani,
561 3145 658 3233 eique
675 3142 740 3210 hoc
757 3143 858 3210 decus
877 3142 1115 3230 impetraverit,

80 3271 181 3340 quum·
193 3250 296 3339 gratia
305 3249 438 3313 floreret
449 3251 520 3337 ipse
530 3248 618 3337 apud
630 3250 857 3313 Domitianum
868 3248 1070 3336 patruelem?
1079 3249 1116 3310 lu

79 3355 137 3423 hac
155 3379 235 3444 ergo
254 3355 381 3420 ratione
397 3353 624 3419 consularibus
644 3355 846 3419 ornamentis
862 3352 1117 3418 condecoratam

80 3459 236 3526 habemus
248 3460 416 3524 rhetorem
429 3459 527 3523 ctiam
539 3474 717 3547 antequam
728 3459 895 3547 principes
907 3480 1028 3546 pueros
1041 3456 1119 3531 edu·

81 3569 199 3635 candos
219 3568 415 3656 accepisset,
435 3568 573 3631 fortasse
591 3574 768 3655 antequam
788 3589 872 3655 opus
888 3565 953 3631 hoc
969 3582 1118 3639 nostrum

82 3675 257 3743 inchoaret.
281 3677 323 3740 Et
343 3697 424 3740 sane
445 3662 531 3739 lilius
557 3673 645 3765 ejus,
672 3673 753 3738 dum
779 3691 873 3762 pater
888 3673 995 3739 ‚hosce
1016 3671 1118 3736 libros
1195 3688 1197 3690 ’
1287 3733 1289 3742 ,

84 3783 264 3874 componit,
279 3797 448 3859 mortuus,
466 3780 658 3879 «consulari
674 3802 783 3868 nuper
797 3779 978 3868 adoptione
994 3775 1118 3845 111111-

85 3888 170 3951 nium
192 3909 269 3977 spes
288 3886 455 3951 honorum
475 3885 577 3974 patris
599 3883 780 3950 admotus»
801 3884 924 3950 dicitur
943 3908 962 3948 a
983 3899 1117 3972 parente

84 3990 134 4059 lib.
146 3996 207 4076 Vl,
224 3997 366 4060 Prooem.
387 3993 435 4061 13.
449 3989 514 4059 Sed
523 4007 621 4078 pater
632 3990 688 4056 ille
701 3992 852 4080 profecto
866 4005 915 4056 cst
925 3988 1119 4076 adoptivus,
