2648 4852
102 378 1145 414 mmmmm

232 627 564 733 LECTORI
601 624 1009 734 BENEVOLO

545 929 574 989 S.
596 929 630 988 P.
651 928 691 988 D.

155 1186 420 1268 JOANNES
446 1190 470 1267 J
479 1187 746 1267 OSEPHUS
775 1189 1092 1269 DUSSAULT.

526 1500 718 1527 *—

109 1729 234 1862 QUUM
244 1762 301 1830 vir
310 1758 383 1849 ille,
392 1766 670 1860 quem,auspice
680 1757 1151 1834 litteratissimoGalliarum

106 1874 210 1972 Rege,
226 1873 376 1945 edendis
388 1873 544 1947 classicis
558 1875 771 1950 auctoribus
783 1875 921 1963 latinis,
936 1879 1024 1972 ipsae
1035 1876 1151 1946 Musae

35 2063 38 2073 ,
105 1986 300 2084 praefecisse
312 1989 496 2078 videntur,
508 2016 577 2090 pro
593 2017 650 2080 ea,
666 2017 749 2090 quae
760 2016 828 2063 nos
842 2015 984 2087 semper
998 2016 1019 2059 a
1031 1992 1151 2086 pueri·

104 2106 148 2172 tia
169 2102 386 2201 conjunxit,
409 2106 695 2196 necessitudine,
724 2109 958 2203 nimiumque
984 2102 1150 2202 profecto

103 2213 188 2287 fisus
201 2216 343 2287 viribus
357 2222 465 2307 meis,
482 2245 542 2289 me
556 2244 705 2316 praeesse
718 2217 893 2290 voluisset
908 2222 1151 2310 QUINTILIANI

102 2333 241 2427 scriptis
274 2335 313 2400 in
344 2329 464 2403 lucem
496 2332 621 2404 denuo
653 2330 907 2430 proferendis,
938 2356 1152 2428 nomenque

104 2471 228 2516 meum
246 2449 441 2518 censuisset
459 2446 697 2519 inserendum
718 2462 772 2519 tot
792 2444 897 2518 claris
919 2442 1172 2517 doctissimo?

100 2586 185 2633 rum
207 2559 422 2659 adjutorum
444 2562 678 2650 nominibus,
704 2560 822 2634 labori
843 2577 919 2632 tam
940 2559 1152 2634 honorifico

102 2690 199 2745 totus
211 2674 383 2765 incubui,
398 2702 439 2747 ac
454 2681 618 2774 primum
631 2702 747 2775 pauca
760 2676 842 2766 tibi,
855 2677 997 2766 Lector,
1010 2692 1091 2748 tum
1107 2675 1154 2747 dc

102 2794 181 2886 ipso
194 2791 466 2881 Qumrmmlto,
481 2808 561 2862 tum
575 2792 621 2862 dc
632 2791 702 2868 hac
715 2791 880 2890 ejusdem
893 2788 1078 2890 scriptoris
1089 2816 1153 2863 no·

103 2931 146 2976 va
163 2904 324 2978 editione
338 2911 447 2978 statui
458 2907 707 3006 subjicienda,
723 2933 806 3004 quae
818 2912 961 2980 utinam
977 2911 1152 3005 accipias,

102 3019 213 3091 veluti
230 3020 421 3118 quoddam
437 3020 635 3120 diligentiae
648 3049 739 3093 meae
756 3046 867 3094 omen
882 3039 917 3094 et
931 3021 1084 3121 pignus!

150 3137 317 3206 Minoum
329 3138 474 3206 anun
487 3139 788 3229 Qurnruunuu,
801 3162 992 3216 summum
1006 3135 1154 3208 dicendi
1247 3132 1254 3141 ’

102 3248 358 3347 scribendique
372 3254 607 3348 magistrum,
621 3254 757 3327 meritis
772 3248 944 3327 laudibus
961 3249 1071 3321 multi
1087 3276 1155 3322 cu*

103 3361 306 3453 mulavere;
326 3368 422 3439 inter
436 3389 549 3463 quos,
569 3369 607 3439 ni
624 3363 746 3452 fallor,
765 3369 901 3436 eminet
916 3381 1039 3437 noster
1054 3369 1155 3439 Ron-

103 3498 226 3567 LsstUS,
242 3477 480 3579 Quintilianus
491 3476 592 3568 alter,
605 3495 639 3553 ct
651 3483 727 3576 ipse
738 3478 921 3549 scribendi
933 3479 1156 3579 dicendique

104 3593 179 3664 dux
192 3597 374 3691 optimus:
394 3597 478 3691 qui,
495 3618 614 3691 quum
629 3593 801 3690 operibus
816 3591 921 3663 latini
936 3592 1091 3665 rhetoris
1107 3595 1156 3669 ad

103 3724 273 3780 nostrum
288 3722 399 3779 usum
415 3707 675 3780 contrahendis
687 3707 863 3797 studeret,
880 3708 1054 3807 daretque
1068 3736 1156 3808 ope-¹

103 3849 200 3913 ram,
211 3839 252 3894 ut
262 3828 302 3894 in
312 3822 447 3895 scholis
459 3822 603 3895 facilius
614 3840 648 3894 et
658 3823 890 3894 commodius
901 3839 1155 3913 tractarentur,

104 3942 152 4012 ita
169 3938 214 4011 de
228 3964 271 4009 eo
289 3937 461 4036 praefatus
478 3956 529 4010 est
546 3955 579 4010 et
593 3938 778 4028 disseruit,
794 3953 835 4008 ut
848 3938 947 4009 idem
961 3937 1078 4008 facere
1089 3964 1157 4009 cu·-

104 4057 218 4156 pieuti
232 4053 400 4147 cuilibet,
414 4080 457 4128 ac
473 4052 568 4128 mihi
582 4057 801 4153 praesertim,
816 4051 1044 4129 nonnullum
1061 4053 1163 4154 inje-
