2648 4852
536 400 792 466 sacrario.
1147 432 1183 496 η

141 528 225 618 ejus,
241 522 302 616 qui
317 546 424 616 quum
439 521 613 588 dominum
627 521 796 588 habuisset
810 523 946 588 Petrum
961 528 1151 610 Francium,
1166 554 1186 595 a

142 635 299 699 collatore
321 654 390 697 non
409 629 574 695 immerito
597 629 887 694 Almelovenianus
910 634 968 696 est'
981 637 1185 723 appellatus,

141 761 245 828 quum
264 738 468 827 singularem
486 734 792 802 animadvertissem
814 736 1080 822 similitudinem,
1101 744 1187 833 coepi

141 847 322 933 plurimum
336 843 483 908 tribuere
496 842 567 932 ejus
579 841 775 906 auctoritati.
790 843 906 931 Neque
921 845 1011 908 enim
1023 845 1065 911 de
1079 849 1187 936 pretio

142 950 193 1014 isti
204 948 316 1015 codici
326 946 503 1014 statuendo
515 946 610 1011 aliter
621 948 729 1011 sentio
742 969 841 1035 quam
854 949 1088 1018 Lachmannus
1097 956 1137 1016 V.
1149 957 1185 1019 G.

142 1054 175 1117 in
186 1066 432 1142 programmate
447 1050 539 1117 edito
549 1073 639 1115 anuo
655 1052 838 1141 1788,pag.
852 1051 886 1132 5,
902 1055 960 1143 qui
973 1056 1043 1145 ejus
1056 1075 1088 1123 et
1100 1059 1184 1124 Bod.

142 1159 237 1224 leiani
249 1160 375 1248 primas
384 1173 498 1224 censet
510 1179 583 1223 esse
593 1172 705 1244 partes
716 1158 750 1219 in
761 1156 956 1238 Quintiliani
968 1177 1058 1226 textu
1071 1187 1185 1252 repur-

142 1263 257 1355 gando.
270 1265 367 1329 lllam
377 1280 503 1344 amem,
519 1285 620 1352 quam
632 1260 714 1342 dixi,
730 1261 983 1329 similitudinem
993 1268 1184 1336 Turicensis

143 1369 445 1435 etAlmeloveniaui
454 1369 545 1446 satis,
556 1367 693 1453 opinor,
699 1366 908 1454 persuadebo
921 1361 966 1449 ei,
982 1373 1186 1464 quicumque
1220 1394 1229 1405 “

142 1474 320 1565 inspexerit
335 1496 411 1565 quae
426 1470 655 1560 monemusad
669 1474 736 1551 Ill,
752 1473 789 1551 6,
808 1496 861 1552 ιο,
878 1475 939 1538 etsi
952 1493 1030 1541 sunt
1043 1478 1186 1566 plurima

141 1582 341 1670 ptaeterbtec
352 1583 439 1660 loca,
454 1582 593 1646 fortasse
608 1580 706 1645 etiam
719 1580 952 1646 manifestiora.
967 1586 1080 1650 Restat
1091 1603 1129 1650 ut
1142 1586 1185 1652 de

142 1687 222 1754 libro
241 1688 419 1753 Turicensi
437 1685 569 1774 prodita
589 1708 609 1749 a
630 1684 677 1748 el.
702 1684 918 1774 Sulabergero
941 1693 1183 1757 communicem

143 1817 213 1860 cum
228 1796 366 1861 lectore.
386 1794 538 1884 «Hujus,
552 1793 610 1882 qui
625 1792 659 1855 in
673 1791 876 1860 bibliotheca
887 1796 1060 1863 Turicensi
1077 1822 1184 1865 serva·

143 1915 204 1982 tur,
223 1899 358 1965 Codicis
379 1898 553 1964 dominum
573 1896 754 1986 aliquando
775 1899 877 1964 fuisse
898 1904 1089 1968 monasterii
1107 1905 1186 1970 San-

143 2007 291 2092 gallensis
301 2003 470 2083 abbatem,
480 2019 617 2093 apparet
626 2025 645 2066 e
655 2001 798 2084 duabus,
808 2026 883 2094 quae
893 2005 927 2069 in
938 2007 1052 2073 ultima
1064 2013 1184 2099 pagina

141 2109 306 2198 leguntur,
335 2107 621 2199 inscriptionibus,
646 2106 769 2171 librum
792 2107 882 2175 hunc
906 2115 1107 2178 monasterio
1129 2117 1182 2180 isti

141 2215 391 2283 vindicantibus.
410 2216 523 2279 lllatus
536 2229 648 2278 autem
664 2214 760 2277 estin
774 2212 905 2300 pluteos
918 2217 1117 2285 Turicenses
1132 2221 1180 2302 in·

141 2338 234 2387 eunte
243 2322 312 2387 boc
323 2320 416 2412 quod
424 2320 567 2386 vivimus
577 2318 708 2383 saeculo.
721 2317 840 2396 Pelles,
852 2318 1033 2407 quibusest
1045 2324 1181 2414 inscrip-

139 2441 201 2507 tos,
225 2428 362 2493 viliores
385 2442 478 2504 sunt,
506 2446 616 2514 neque
640 2424 775 2511 integrae
797 2445 862 2489 nec
884 2422 1060 2514 diligenter
1081 2449 1181 2510 rasae3

138 2531 248 2597 formae
264 2549 426 2621 praeterea
441 2531 624 2596 litterarum
640 2527 868 2616 magnitudine
886 2532 973 2596 inter
987 2555 1023 2598 se
1038 2536 1179 2600 maxime

138 2636 376 2728 discrepantes,
397 2654 486 2703 tanta
512 2659 648 2727 quoque
666 2653 834 2702 corrector
855 2637 891 2700 in
910 2636 1001 2704 hunc
1021 2640 1177 2706 Codicem

136 2743 264 2810 licentia
276 2765 358 2809 usus
372 2760 435 2822 est,
450 2759 489 2807 ut
500 2743 631 2821 litteris,
647 2740 771 2821 verbis,
787 2743 990 2832 integrisque
1004 2749 1176 2813 sententiis

136 2852 234 2917 textui
248 2851 480 2939 superscriptis
496 2850 669 2936 insigniter
683 2872 759 2914 eum
777 2848 987 2915 deformaret.
1004 2853 1083 2941 Ejus
1098 2877 1177 2918 vero

133 2953 273 3022 licentiae
286 2957 361 3046 quis
374 2957 421 3020 illi
429 2957 562 3020 veniam
574 2972 686 3042 neget,
701 2956 759 3045 qui
768 2954 888 3021 viderit
897 2957 991 3046 cujus
1003 2956 1176 3039 molestiae,

135 3064 316 3151 qrantique
329 3060 420 3126 taedii
432 3061 534 3125 fuerit
547 3059 650 3139 labor,
667 3083 767 3148 quem
783 3058 905 3125 invitus
918 3059 1053 3149 aggredi
1065 3061 1177 3150 jussus

134 3169 317 3250 etti'Quem
325 3189 395 3232 non
402 3167 557 3230 misereat
568 3164 749 3229 boni-illius
761 3167 836 3242 viri,
849 3167 907 3255 qui
918 3182 1102 3253 temperare
1115 3167 1176 3231 sibi

132 3294 195 3338 non
215 3273 347 3360 potuit,
372 3271 453 3361 quin
476 3271 624 3334 animum
649 3287 749 3335 tantae
771 3292 927 3334 aerumnae
950 3271 1175 3357 impatientem

132 3375 262 3459 duobus
275 3375 388 3454 hisce,
400 3397 485 3466 quos
502 3377 605 3440 textui
622 3376 869 3463 superscripsit,
884 3375 1034 3443 versibus
1050 3376 1176 3467 aliqua-

130 3499 223 3547 tenus
251 3482 399 3547 levaret:
427 3482 538 3544 «Tam
562 3480 655 3545 male
671 3480 845 3561 scribenti,
872 3480 980 3569 inquit
1006 3480 1080 3561 ille,
1107 3498 1176 3547 tam

132 3587 306 3677 «denique
322 3584 500 3674 desipienti
514 3585 639 3675 absque
656 3585 835 3675 exemplari
851 3587 971 3653 frustra
989 3609 1091 3675 cogor
1105 3610 1173 3652 me-

133 3690 270 3756 adicari.
286 3720 301 3749 s
326 3692 377 3754 Ex
400 3691 527 3779 ingenti
548 3690 743 3756 mendarum
766 3689 980 3755 multitudine
1000 3714 1090 3780 quae,
1111 3695 1174 3758 nisi

129 3797 322 3876 verborum,
335 3819 492 3862 versuum
506 3815 618 3872 tamen
629 3809 806 3864 numerum
821 3799 917 3864 facile
929 3815 1078 3888 aequant,
1094 3824 1173 3887 pau·

130 3923 196 3982 cas,
205 3900 410 3968 incredibilis
418 3902 593 3968 inlibrario
602 3905 746 3992 stuporis
755 3901 1100 3991 indices,apposuisse
1108 3908 1174 3969 suf·
1216 3910 1220 3919 ’

130 4004 233 4073 ficiet:
246 4006 385 4075 Rcbosa
399 4011 465 4074 nats
478 4007 679 4076 excidimus:
694 4008 796 4078 rubos
809 4010 895 4075 arvis
910 4007 1101 4075 excidimus.
1115 4009 1172 4076 Ac

237 4129 260 4164 1.
1014 4130 1029 4164 2
