2656 4852
508 399 765 464 onerante.
1118 422 1158 490 27

141 533 181 578 'et
195 520 319 598 judicare
332 523 424 577 visum
435 531 489 591 est,
504 525 555 580 etsi
572 522 772 599 levis-apparet
783 524 936 581 diversitas.
953 522 1057 580 Placuit
1068 529 1163 582 Eade-

155 620 229 671 saitis
246 613 447 686 Quintilianum
466 615 598 673 reducere
614 618 646 672 in
667 615 775 672 scholas
795 636 874 686 suas,
893 617 943 673 sed
963 620 1000 673 ita
1016 631 1051 672 ut
1071 622 1164 695 ipsum

144 727 267 784 ‘quoque
286 707 425 763 Rollinum
448 709 642 765 contraherent
664 719 692 764 et
711 708 877 765 breviarent.
901 713 971 765 Mira
991 712 1064 765 inter
1082 710 1165 786 hujus

157 799 266 877 collegii
285 800 410 856 homines
427 801 571 857 intercedit
588 801 725 856 bonorum
744 804 918 869 communio,
935 813 966 856 ut
983 821 1018 857 ne
1037 814 1168 878 appareat

157 892 287 968 quidem,
303 891 397 948 Blassii
412 912 481 970 opus
496 895 643 970 repetitum
657 911 716 948 esse
729 911 761 946 cx
773 891 908 960 Andrete,
925 895 977 948 nisi
995 897 1036 963 ei,
1051 897 1098 970 qui
1113 893 1167 948 hoc

157 1003 268 1061 quoque
278 988 426 1062 usurparit.
439 985 581 1062 philologo
592 994 682 1040 totum
694 986 748 1039 hoc
764 987 921 1040 institutum
932 1004 989 1040 non
1001 991 1168 1062 magnopere

121 1101 124 1107 ’
156 1076 304 1154 probetur,
325 1078 373 1134 ubi
393 1089 473 1134 vetus
494 1082 613 1156 scriptor
632 1078 667 1133 ad
687 1076 806 1133 formam
829 1080 989 1133 recentioris
1011 1079 1169 1156 compendii

157 1171 306 1248 redigitur,
325 1177 481 1251 artiumque
500 1177 646 1251 praeceptis
664 1184 795 1228 oneratur
813 1192 828 1227 e
844 1172 1020 1250 popularium
1039 1173 1170 1250 operibus

157 1268 308 1341 excerptis,
320 1267 395 1342 quod
407 1267 488 1343 longe
501 1285 579 1326 secus
589 1278 630 1323 est
640 1269 670 1325 in
678 1264 796 1321 Rollino.
807 1264 1058 1323 Chrestonaathiam
1068 1271 1169 1340 Quinc·

159 1360 283 1414 elianam
291 1400 300 1427 ‚
317 1371 468 1416 utvoeant
488 1362 535 1435 qui
552 1359 623 1415 banc
639 1361 779 1435 epitomen
795 1357 980 1426 adornarunt,
995 1377 1085 1433 quam
1096 1368 1169 1413 recte

159 1449 325 1520 defendant,
341 1455 363 1507 si
377 1452 549 1523 defendunt,
562 1450 689 1528 exemplo
701 1451 836 1508 columnae
847 1455 986 1527 Trajanae,
997 1454 1049 1506 viat
1059 1453 1171 1528 Appias,

158 1542 227 1620 legis
244 1547 429 1620 Semproniae,
447 1549 541 1601 nescio
559 1545 703 1622 equidem;
720 1544 849 1623 displicet
865 1556 957 1600 tamen
975 1542 1050 1620 quod
1068 1563 1172 1600 novare

160 1634 265 1711 aliquid
284 1634 455 1706 maluerunt,
471 1655 553 1712 quam
574 1638 785 1711 Quintilianeum
806 1632 944 1712 appellare
963 1646 1087 1689 enm-tot
1104 1637 1171 1690 viris

160 1728 343 1796 doctissimis,
364 1729 499 1806 quidquid
517 1732 667 1807 pertineret
686 1726 721 1783 ad
740 1731 903 1804 scriptorem
920 1737 1055 1782 nostrum.
1076 1732 1172 1802 Neque

160 1839 289 1896 magnam
302 1821 506 1877 committendas
523 1833 550 1876 et
566 1821 757 1877 continuandas
771 1822 902 1875 orationis
915 1815 1065 1874 sollertiam
1077 1822 1106 1874 in
1119 1820 1173 1875 hoc

159 1916 271 1988 negotio
284 1916 485 1988 pmstiterunt,
500 1932 587 1990 quum
598 1902 712 1969 Fabium
724 1912 853 1990 juberent
867 1913 941 1967 hunc
956 1914 986 1967 in
1001 1911 1116 1967 motltrm
1130 1911 1172 1968 lo-

161 2008 226 2080 qui:
244 2005 334 2061 uiride
346 2009 398 2062 erit
409 2018 511 2076 status,
526 2006 759 2083 quod-auditor
768 2004 949 2083 spectandum
963 2008 1081 2060 maxime
1095 2004 1175 2060 intel·

166 2098 264 2173 eligite
277 2099 353 2174 quod
369 2114 430 2155 esset
445 2102 474 2154 in
491 2119 572 2155 causa
587 2102 826 2176 potentissimum,
843 2108 871 2155 o't
886 2102 915 2155 in
930 2116 985 2174 quo
1000 2100 1119 2153 maxime
1130 2117 1173 2154 rcs

168 2207 338 2247 «verteretur.
353 2217 364 2240 υ
381 2197 491 2247 Frustra
503 2195 697 2269 grammaticus
713 2192 759 2249 ltie
773 2203 946 2247 structuram·
955 2190 1083 2267 expedire
1099 2189 1176 2246 labn-

164 2295 221 2352 ret,
245 2295 273 2339 et
296 2287 427 2360 temporis
449 2296 496 2340 aut
518 2284 595 2340 modi
612 2287 750 2340 rationem
769 2283 885 2340 reddere
904 2295 1019 2339 conetur
1036 2281 1175 2339 invverbis

165 2378 286 2453 signatis.
300 2375 398 2432 Fabius
411 2377 539 2453 quidem,
551 2379 637 2433 mirus
648 2377 733 2432 lucidi
745 2377 849 2432 ordinis
861 2387 889 2432 et
900 2376 1033 2453 expeditae
1044 2377 1176 2433 orationis

166 2467 279 2539 artifex,
296 2472 389 2545 priora
402 2468 449 2525 illa
463 2468 598 2546 usquead
612 2471 738 2544 intelliqit
750 2471 830 2545 ponit
840 2471 891 2536 Ill,
907 2468 940 2536 6,
956 2488 988 2539 9³
1004 2455 1097 2522 multis
1110 2488 1176 2522 vero

166 2563 314 2636 interjectis
333 2559 407 2631 aliis,
426 2564 450 2630 8.
471 2562 595 2638 ejusdem
611 2563 708 2639 capitis
727 2579 777 2630 π,
792 2559 946 2638 posteriora
962 2560 1030 2619 dieit
1047 2562 1076 2617 in
1095 2576 1177 2616 sensu

166 2657 289 2728 integro,
305 2653 353 2708 ubi
369 2654 516 2731 praeeedit:
531 2672 548 2704 'a
560 2659 660 2710 Nostra
675 2657 770 2731 opinio
786 2668 898 2731 semper
910 2653 971 2709 haec
986 2653 1040 2708 fuit
1050 2678 1080 2722 u,
1095 2656 1133 2708 ita
1147 2667 1177 2708 ut

167 2745 241 2802 salva
253 2757 281 2800 et
292 2745 401 2824 elegans
414 2750 449 2803 sit
460 2758 597 2803 structura
608 2751 637 2805 in
649 2747 818 2824 imperiectio
830 2750 890 2802 istis
902 2749 1080 2822 conjunctivi.
1090 2747 1179 2802 Debe-

167 2839 233 2895 bant
249 2842 334 2914 igitur
346 2843 492 2896 immutare
508 2840 566 2897 hec
580 2839 740 2916 paululum,
753 2851 784 2897 ut
795 2843 906 2908 Latina,
918 2842 976 2897 imo
989 2859 1072 2907 sana,
1086 2859 1179 2896 manc·

167 2943 244 2997 rent;
259 2931 334 3008 quod
350 2931 440 2988 facere
452 2937 599 3008 ceteroqui
610 2932 707 3009 religio
724 2936 758 2989 iis
773 2951 831 2989 nou
847 2932 916 3001 fuit,
931 2935 1063 3008 quoniam
1074 2937 1180 2989 auditor

167 3027 336 3100 scripserunt
358 3026 441 3080 modo
462 3045 513 3102 pro
534 3045 583 3094 eo,
604 3025 680 3103 quod
700 3036 742 3083 est
762 3025 836 3102 apud
856 3024 1177 3101 Quintilianum,··judea·.

167 3119 263 3201 Nune,
279 3115 346 3171 dum
361 3137 455 3194 presse
471 3121 596 3195 sequitur
612 3121 775 3195 scriptorem
789 3121 955 3196 epitomator
968 3117 1091 3186 Andros,
1105 3120 1179 3193 inju-

168 3210 238 3263 riam
250 3208 316 3264 fecit
330 3210 510 3265 disertissimo
524 3209 639 3265 homini.
655 3210 804 3267 Andretem
816 3229 882 3265 vero
898 3207 1060 3286 simpliciter
1071 3229 1181 3286 expres·

168 3305 202 3356 sit
214 3301 346 3371 Blassius,
359 3307 409 3358 etsi
420 3302 485 3358 alias
498 3303 625 3359 deserens
639 3302 780 3370 eumdem,
795 3312 822 3357 et
834 3300 914 3379 plura
928 3300 1010 3356 etiam
1023 3321 1159 3358 resecans.

175 3412 222 3475 Ex
239 3410 318 3491 hoc,
335 3416 435 3502 quern
455 3414 522 3502 egi,
544 3437 647 3486 censu
662 3403 848 3481 editionum
861 3435 1011 3483 mearum
1025 3410 1178 3502 ¹apparet,

134 3533 169 3579 ut
187 3515 291 3581 bonas
308 3506 440 3597 multas,
457 3519 524 3582 imo
539 3518 695 3606 capitales
712 3516 794 3583 mihi
809 3536 931 3609 praesto
947 3540 1036 3597 esse,
1053 3518 1096 3582 ita
1111 3542 1178 3580 non

132 3623 244 3710 paucis
261 3623 367 3712 iisque
383 3647 510 3712 magnae
529 3623 746 3705 auctoritatis,
764 3641 802 3688 ut
817 3622 1064 3715 Stephanianis‚
1077 3622 1180 3687 vido-

132 3730 209 3809 τεεί,
231 3730 427 3811 Vascosani‚
453 3728 606 3795 Gallandi
628 3753 682 3794 me
708 3753 837 3810 carere,
861 3751 936 3821 quae
962 3728 1100 3793 fortasse
1124 3727 1181 3791 ali·

135 3835 268 3925 quando
294 3833 507 3901 dominorum
532 3836 686 3902 facilitate
712 3835 794 3900 mihi
820 3835 1014 3924 contingent
1036 3831 1178 3897 utendae.

134 3939 381 4028 Amplissimum
401 3943 752 4031 omnium,'quotquot
771 3942 864 4007 iaetae
883 3956 976 4018 sunt,
996 3936 1180 4002 editionum

134 4045 279 4111 indicem
299 4068 431 4111 mecum
455 4049 710 4115 communicavit
730 4049 779 4115 vir
800 4048 848 4113 rei
869 4045 1009 4111 librariae
1029 4060 1180 4109 veterum
