2648 4852
462 344 465 354 ¹
489 393 749 459 raerarro.
1114 399 1146 491 xj

64 608 68 612 ἱ
91 510 369 601 informandos,
380 530 415 585 et
426 513 472 586 ad
486 512 775 615 dignoscendam
786 515 968 616 cujusque
977 519 1149 619 discipuli

94 627 279 718 indolem3
302 628 406 728 quod
427 631 577 728 quidem
600 629 720 702 multo
741 629 872 702 melius
894 638 1073 732 magistris
1094 660 1150 707 sa-

95 743 281 841 pientibus
301 761 476 842 poterunt
495 745 685 817 ostendere
702 749 847 816 romani
862 744 1029 819 Rhetoris
1046 748 1150 837 libri,

96 869 207 955 quam
225 856 496 956 pbilosopbicae
510 864 755 931 recentiorum
773 876 919 932 aetatum
936 859 1082 932 cbartae.

145 974 411 1073 Verum,-quid
434 972 554 1046 dicam
575 974 622 1045 de
639 973 752 1071 stylo,
772 973 880 1071 cujus
901 973 1080 1046 illecebris
1098 973 1153 1046 al-

100 1085 187 1160 lecta
198 1114 321 1176 mens,
334 1092 528 1187 inscriptis
541 1091 642 1160 FABu
657 1086 930 1185 pervolvendis,
944 1087 1153 1162 dummodo

101 1199 297 1298 voluptatis
311 1202 380 1274 sibi
395 1208 554 1301 propriae
567 1229 675 1275 sensu
692 1229 770 1275 non
786 1219 923 1294 careat,
942 1208 1154 1276 suavissime

101 1315 306 1388 detinetur:
333 1341 412 1388 non
435 1317 497 1389 ille
520 1317 671 1417 quidem
690 1322 894 1390 sinceritate
914 1320 1155 1418 Ciceroniana

102 1436 343 1529 conspicuus,
362 1449 396 1504 et
415 1460 475 1521 ea,
493 1459 576 1532 quae
594 1431 722 1506 faustis
741 1435 909 1506 AUGUST1
927 1433 1155 1532 temporibus

102 1544 280 1636 baerebat,
304 1545 534 1635 salubritate;
555 1564 610 1635 at,
633 1551 662 1618 si
682 1546 873 1645 aliquanto
899 1539 1100 1640 difficilior,
1121 1565 1156 1620 et

103 1685 169 1758 pro
186 1665 367 1760 vergentis
383 1666 420 1733 in
437 1662 541 1760 pejus
556 1667 666 1734 retatis
683 1661 788 1761 lapsu
806 1661 1006 1753 horridior,
1025 1662 1156 1761 plenus

103 1792 225 1847 tamen
244 1780 364 1864 succi,
384 1777 492 1848 rebus
513 1781 599 1874 ipsis
616 1778 778 1865 validus,
795 1779 1066 1876 jucundissima
1084 1779 1157 1851 dis·

104 1894 237 1963 tinctus
251 1897 518 1964 sententiarum
532 1919 574 1964 ac
589 1892 789 1965 verborum
806 1897 992 1984 varietate,
1008 1892 1157 1966 lumini-

104 2004 170 2078 bus
198 2005 406 2104 figurarum
435 2007 575 2106 ubique
602 2008 840 2105 splendidus,
866 2008 1155 2081 similitudinum

104 2125 301 2217 praesertim
313 2120 395 2193 luce
404 2120 543 2207 clarus,
555 2126 594 2192 in
607 2121 778 2193 tenuibus
789 2121 949 2213 subtilis,
964 2128 1003 2194 in
1015 2127 1158 2223 magnis

105 2259 191 2306 vero
205 2234 443 2334 magnificus,
456 2235 675 2333 eloquentiae
689 2235 866 2332 majestati
882 2261 960 2307 non
976 2241 1107 2335 impar,
1117 2252 1159 2308 ut

104 2348 210 2422 facile
226 2376 418 2450 agnoscas,
431 2377 509 2422 non
522 2354 715 2449 ingenium
727 2352 1001 2442 Qulu'rImANO,
1017 2367 1082 2422 aut
1093 2351 1159 2448 ju-

106 2464 263 2554 dicium,
278 2465 341 2537 sed
353 2466 521 2557 seculum
534 2465 706 2539 defuisse:
722 2467 820 2563 quis,
832 2481 873 2536 ut
887 2463 958 2536 alia
972 2468 1158 2556 omittam,

105 2605 184 2651 non
209 2588 313 2677 saepe
333 2598 583 2652 commoratus
611 2595 663 2651 est
688 2606 833 2651 summa
860 2605 947 2651 cum
971 2579 1161 2678 voluptate

106 2698 144 2765 in
164 2691 231 2765 illo
253 2692 545 2766 luculentissimo
566 2694 651 2766 libri
671 2693 774 2782 loco,
789 2692 854 2765 ubi
876 2696 1009 2766 Fartus
1026 2695 1161 2767 Hortu-
1203 2725 1205 2729 ·

105 2829 185 2881 auu
198 2825 232 2880 et
243 2811 457 2897 Minoum,
469 2810 1000 2896 TuntiuuetDauosruauuM‚
1012 2809 1160 2880 Tranu-

107 2944 201 2996 rmsi
216 2940 252 2995 et
266 2925 531 3011 Meuaunnuu,
543 2925 741 3010 Nasounia,
754 2923 948 3008 Fraccuu,
966 2938 1001 2991 et
1014 2939 1160 2995 caeteros

107 3056 188 3111 tum
198 3039 396 3124 Latiarum
408 3039 553 3109 Groeciae
564 3041 756 3135 scriptores
768 3038 881 3133 aequis
892 3035 1071 3132 ponderat
1083 3060 1161 3106 mo·

108 3157 258 3240 mentis,
274 3157 430 3250 scriptor
445 3156 521 3250 ipse
534 3150 874 3238 excellentissimus,
893 3166 927 3220 et
940 3149 997 3221 vel
1013 3155 1160 3249 optimis

109 3268 398 3367 comparandus;
409 3293 519 3366 quem
532 3264 696 3364 profecto
708 3291 774 3336 nec
784 3265 988 3355 HoMEnus,
1002 3283 1066 3336 aut
1076 3267 1162 3338 Vlu-

109 3402 248 3469 cratus,
265 3408 332 3452 nec
349 3383 643 3470 Dnuosruauns,
660 3397 723 3454 aut
738 3381 898 3469 Cremu,
917 3406 992 3453 suae
1006 3383 1166 3479 quisque

52 3493 54 3496 ’
109 3497 235 3586 famae,
250 3496 463 3569 abnuissent
473 3497 650 3594 judicem.

159 3615 354 3710 Copiosius
372 3628 468 3683 certe
484 3638 527 3685 ac
546 3610 681 3700 fusius,
697 3610 789 3710 quid
803 3609 849 3684 de
862 3613 1161 3708 prestantissimo
1184 3626 1198 3711 J

110 3727 269 3799 illorum
279 3725 477 3799 facundiae.
492 3742 572 3798 tum
583 3716 726 3798 iirtutis
737 3742 958 3823 praeceptore
968 3728 1161 3816 senserim,
1182 3808 1184 3812 .

113 3846 290 3941 aperirem
301 3858 335 3911 et
345 3839 566 3929 evolverem,
580 3844 649 3911 nisi
662 3840 829 3938 undique
838 3855 1072 3910 occurrerent
1086 3840 1162 3938 dig·
1185 3933 1188 3938 ι

115 3962 235 4030 niores
258 3975 333 4048 tam
357 3961 489 4056 egregii
512 3955 697 4054 scriptoris
720 3959 973 4043 aestimatores,
998 3977 1161 4058 quorum
1183 4009 1193 4047 ¹.

41 4061 43 4067 Α
116 4093 177 4155 aut
192 4097 310 4150 meras
325 4071 370 4147 de
384 4072 497 4147 verbo
511 4071 559 4148 ad
577 4071 733 4147 verbum
753 4067 952 4144 exscribere
967 4057 1161 4140 sententias
