2656 4852
487 366 746 457 'rnuzmrro
1100 407 1155 476 29·

97 519 265 602 excerptas
278 511 348 603 ejus
361 505 461 600 babet
474 530 586 592 notas,
599 511 670 576 aliis
685 525 797 576 autem
810 507 1011 576 editionibus
1023 509 1144 576 lb‘num

97 619 397 706 totum-complexis
409 640 515 682 caree.
531 621 649 707 Neque
660 618 814 704 poenitet,
828 618 855 680 si
869 635 946 682 vera
959 633 1051 697 sunt,
1069 639 1146 707 quae

96 723 138 789 de
153 748 194 789 eo
209 725 320 814 prodit
334 713 539 790 Biirmannus
550 724 589 786 'in
605 723 809 811 praefatione.
826 725 865 786 ln
881 723 1001 787 Critice
1015 723 1144 788 ratione

62 911 66 920 Α
96 832 246 895 omnium
271 831 408 894 minime
430 829 513 893 mibi
535 851 570 893 se
591 827 744 917 probavit
767 830 882 892 Petrus
905 831 1087 908 Francius,
1100 822 1143 893 de

95 936 190 1026 cujus
211 937 410 1027 conjecturis
432 934 631 1013 identidem,
655 934 923 1028 quaepsentirem,
945 933 1049 998 libere
1067 956 1142 999 sum
1201 957 1204 965 ·

94 1041 281 1130 professus;
294 1064 404 1130 neque
419 1063 537 1105 vereor
550 1037 635 1102 hanc
652 1036 734 1101 mihi
749 1036 935 1102 libertatem
952 1061 1013 1126 pro
1029 1039 1142 1128 aliquo

94 1146 226 1234 piaculo
240 1146 473 1235 exprobratum
488 1144 537 1208 iri.
555 1143 668 1230 Magni
682 1149 761 1206 sane
773 1142 862 1206 facio>
873 1143 998 1222 virum,
1015 1145 1141 1223 Latini,

95 1251 163 1315 imo
185 1250 308 1329 Graeci,
332 1250 484 1314 carminis
506 1271 575 1311 non
596 1244 827 1334 poenitendum
846 1246 1022 1327 artificem,
1041 1267 1145 1336 quem

94 1355 278 1442 praesertim
293 1371 483 1419 nostrorum
495 1352 696 1440 principum,
710 1351 801 1415 velut
813 1350 970 1416 Friderici
986 1352 1143 1418 Gulielmi

94 1461 222 1548 magni,
246 1482 298 1524 res
317 1475 423 1546 gestas
443 1475 622 1546 nostraque
641 1457 806 1536 instituta,
821 1457 913 1521 velut
931 1456 1142 1543 Academiam

94 1567 368 1646 Eridericianam,
383 1565 436 1630 vel
454 1565 621 1652 praecipue
637 1563 876 1644 celebrantem,
894 1565 994 1628 etiam
1008 1566 1144 1632 caritate

94 1672 239 1762 quadam
253 1673 367 1761 patriae
379 1670 560 1736 exosculari
572 1669 722 1734 debeam.
738 1668 802 1734 Sed
818 1669 1001 1757 diligentia,
1018 1672 1045 1736 si
1060 1672 1143 1759 quid

93 1777 210 1856 video,
228 1793 262 1842 et
276 1777 429 1842 acumine
445 1776 479 1838 in
493 1775 608 1839 alienis
623 1774 772 1839 sensibus
789 1773 1027 1862 perspiciendis
1046 1793 1078 1840 et
1093 1776 1140 1841 di·

93 1883 248 1956 vinandis
262 1883 366 1947 caruit
379 1881 480 1946 homo
494 1881 618 1968 poetici
633 1881 736 1967 magis
751 1880 884 1960 caloris,
901 1904 1000 1969 quum
1013 1883 1142 1947 Criticae

94 1988 398 2053 accurationis.Tot
406 2003 517 2050 autern
526 1984 730 2049 eruditorum
739 1984 907 2051 laboribus
915 1986 949 2049 in
956 2009 1032 2050 meo
1040 1988 1140 2075 scrip—

94 2111 167 2158 tore
188 2093 372 2172 collocatis,
394 2092 467 2155 fieri
485 2114 553 2154 non
572 2091 696 2178 potuit,
718 2092 799 2180 quin
819 2091 961 2178 plurima
975 2091 1045 2182 jum
1064 2094 1143 2158 satis

95 2198 267 2288 explanata
279 2198 469 2288 reperirem.
482 2198 559 2278 Quo
575 2197 609 2259 in
624 2218 745 2282 genere
762 2195 844 2259 nihil
859 2195 943 2260 ultra
955 2196 1071 2262 lectori
1083 2195 1142 2261 de·-

94 2307 236 2372 bebatur
247 2330 266 2371 a
278 2329 353 2386 me,
363 2327 462 2395 quam
477 2322 513 2369 ut
527 2303 625 2369 hasce
640 2326 721 2392 opes
736 2327 836 2392 quam
850 2303 1094 2392 religiosissime
1106 2305 1142 2368 in

95 2413 166 2502 ejus
187 2411 401 2498 commodum
419 2427 658 2479 converterem.
678 2411 720 2474 Et
739 2426 827 2474 recte
846 2409 964 2474 videor
981 2433 1035 2474 me
1054 2411 1141 2474 tueri

93 2517 290 2598 Quintiliani
301 2518 366 2581 mei
379 2515 467 2580 dicto
480 2539 487 2578 :
508 2544 520 2574 1
535 2517 676 2579 Pravum
689 2530 738 2578 est
750 2513 919 2603 quoddam
931 2514 1078 2578 studium
1093 2516 1142 2579 111-

93 2619 142 2684 bil
153 2643 269 2685 eorum
279 2644 353 2709 quae
360 2621 451 2708 prior
458 2620 576 2708 aliquis
587 2619 755 2706 occuparit
765 2617 995 2706 dicendi3quae
1005 2619 1142 2690 ambitio

93 2726 211 2815 procul
221 2726 354 2790 aberita
364 2749 428 2790 me.
439 2726 554 2790 Dicam
565 2725 654 2788 enim
664 2747 732 2788 non
741 2725 871 2813 utique,
881 2746 957 2813 quae
965 2725 1139 2806 invenere,

94 2832 155 2898 sed
167 2857 242 2923 quae
255 2833 458 2921 placebunt»
477 2835 509 2896 ll
518 2881 526 2911 ,
548 2830 600 2911 15,
618 2833 669 2920 37,
688 2832 739 2896 38.

44 2955 50 2964 “
139 2943 262 3028 Praeter
282 2939 444 3004 editiones
457 2938 563 3027 justas
582 2937 750 3025 scriptoris
768 2937 852 3018 mei,
871 2937 1042 3003 affuerunt
1057 2936 1141 3002 mihi

97 3046 194 3109 etiam
213 3045 349 3134 quidam
368 3043 573 3108 eruditorum
592 3043 713 3122 libelli,
734 3041 855 3132 quibus
876 3041 1026 3132 ejusdem
1042 3044 1142 3108 inter·

96 3150 298 3239 pretatioues
314 3152 572 3216 continerentur.
593 3152 642 3212 Ex
658 3148 778 3238 quibus
798 3149 825 3213 si
842 3150 899 3238 qui
915 3173 969 3214 me
985 3150 1141 3216 latuerint

95 3279 230 3344 magnas
243 3257 274 3320 ei
286 3255 417 3321 habebo
430 3256 561 3343 gratias,
575 3256 632 3344 qni
645 3254 726 3318 mibi
739 3277 855 3319 eorum
865 3256 1016 3319 notitiam
1027 3257 1140 3320 volue-

96 3362 138 3425 rit
151 3362 323 3450 impertiri.
336 3364 452 3451 Neque
466 3360 599 3440 dubito,
617 3362 698 3449 quin
709 3360 821 3424 multae
834 3360 1040 3448 singulorum
1054 3362 1142 3427 loco·

96 3489 169 3530 rum
181 3467 455 3554 explicationesin
463 3465 603 3530 aliorum
613 3467 812 3554 scriptorum
822 3466 1023 3531 editionibus
1034 3467 1142 3532 obiter

97 3574 291 3660 propositae,
311 3573 506 3638 industriam
520 3595 629 3637 meam
647 3573 836 3660 effugerint.
853 3572 1087 3637 Lochmannus
1101 3576 1141 3637 V.

98 3682 132 3743 C.
147 3681 317 3768 professor
330 3680 567 3767 Coburgensis,
584 3679 677 3768 eujus
690 3702 788 3771 supra
798 3678 867 3767 jam
884 3702 903 3743 a
919 3702 973 3742 me
989 3679 1075 3743 facta
1093 3697 1143 3744 est

98 3785 240 3865 mentio,
255 3784 382 3873 aliquot
396 3783 642 3872 prolusionibus
654 3784 721 3848 suis
733 3782 905 3848 illustravit
920 3782 1066 3846 Fabium.
1078 3785 1143 3846 Eas

99 3912 200 3977 penes
218 3913 273 3953 me
291 3912 363 3954 esse
378 3912 493 3954 omnes
507 3888 590 3952 'mihi
604 3888 803 3978 persuadeo.¹
819 3890 901 3954 Sunt
919 3892 1029 3954 autem
1047 3889 1145 3977 quin·

95 4019 163 4095 ,que
175 4019 338 4067 annorum
358 3997 457 4095 1776,
473 3996 531 4088 78,
547 3996 606 4089 88,
623 3996 679 4086 89,
695 4019 748 4086 90.
765 3996 871 4087 Hujus
882 3997 943 4064 viri
957 4011 989 4060 et
1004 3994 1140 4082 diligen-
