2648 4852
134 399 157 445 ι
226 445 227 448 ¹
359 373 542 455 *cuono
567 373 676 438 tun.
700 372 937 439 smtmue

132 515 246 567 contra
256 496 446 565 omittendae
458 519 539 586 quas
553 483 665 561 attuli!
680 497 725 561 Ut
736 499 937 584 copiosiores
951 496 1089 564 fortasse
1100 514 1173 563 tum

133 607 211 672 facti
236 620 345 671 essent
367 601 595 667 commentarii
617 602 684 666 mei
706 603 741 666 in
764 625 799 668 re
821 603 956 682 Critica,
969 603 1024 667 ita
1044 603 1079 667 in
1101 619 1172 668 toto

134 734 234 799 opere
249 734 316 777 non
332 709 448 776 dubito
464 707 545 797 quin
560 705 659 795 longe
676 706 919 774 contractiores.
936 707 1000 774 Sed
1017 731 1078 798 ego
1092 710 1172 774 tiro-

133 839 192 881 nes
210 817 337 904 potius,
357 814 478 908 quibus
492 812 687 893 scriberem,
702 812 791 902 apud
805 815 952 878 animum
969 837 1081 879 meum
1095 837 1172 902 pro·

132 921 244 1010 posui;
257 918 420 1010 ejusmodi
429 934 554 998 tamen,
568 917 626 1007 qui
639 941 707 982 non
720 935 828 984 essent
841 917 1066 984 indoctissimi.
1079 920 1171 1007 Opus

130 1041 229 1091 tantae
241 1023 483 1114 amplitudinis,
498 1039 628 1112 quantae
642 1040 719 1088 sunt
730 1023 893 1089 rhetorica
902 1024 1112 1108 Quintiliani,
1125 1025 1173 1088 in·

130 1147 261 1218 tegrum
275 1129 477 1195 scholasticis
488 1125 685 1196 lectionibus
696 1129 827 1195 tractari
840 1152 955 1225 posse,
970 1152 1086 1210 nemo,
1101 1131 1169 1217 opi·

38 1302 40 1307 ,
130 1259 202 1314 nor,
216 1235 278 1300 sibi
290 1233 511 1323 persuadebit.
523 1235 733 1323 Quapropter
746 1235 780 1299 in
795 1235 950 1302 conclave
964 1234 1102 1301 studiosi
1114 1257 1170 1299 cu·

126 1339 260 1430 jusdam
271 1340 382 1404 animo
395 1361 449 1403 me
464 1339 605 1418 contuli,
621 1339 675 1403 cui
688 1339 810 1428 legenti
824 1357 964 1423 astarem
978 1357 1012 1405 et
1026 1363 1080 1420 ea,
1096 1362 1171 1429 quae

129 1445 164 1508 in
181 1446 277 1509 variis
296 1444 388 1508 libris
405 1442 448 1507 ad
467 1442 718 1532 intelligendum
738 1447 932 1533 scriptorem
953 1462 1062 1511 essent
1081 1469 1171 1534 quac.-

129 1549 249 1632 renda,
267 1551 496 1615 ministrarem.
514 1551 633 1613 Fateor
647 1573 799 1638 magnam
817 1573 915 1639 posse
934 1551 1065 1640 concipi
1084 1550 1172 1640 ejus-

129 1655 222 1720 modi
242 1655 466 1721 studiosorum
484 1655 676 1719 varietatem
695 1672 728 1720 et
749 1654 902 1722 disertius
921 1655 1044 1722 debere
1063 1655 1169 1736 finiri,

130 1761 250 1851 quibus
264 1762 473 1850 potissimum
487 1759 616 1830 labores
635 1782 727 1825 meos
746 1762 958 1850 susceperim.
976 1761 1058 1827 Sunt
1072 1761 1172 1849 igitur

130 1867 154 1931 ii
164 1884 196 1931 et
202 1867 341 1956 juvenes
352 1867 470 1932 litteris
483 1865 601 1944 dediti,
614 1866 672 1955 qui
682 1865 819 1956 quidem
829 1867 863 1931 in
872 1867 1072 1950 Romaniset
1081 1867 1172 1932 Grae-

69 2019 73 2023 -
129 1974 176 2038 cis
195 1972 408 2060 scriptoribus
427 1971 631 2061 aliquantum
646 1970 715 2061 jam
733 1972 1005 2061 profecerint,'et
1021 1972 1084 2036 viri
1102 1982 1171 2035 non

129 2070 264 2168 proprie
280 2079 315 2142 in
331 2077 525 2167 antiquitate
543 2075 735 2165 explicanda
751 2077 918 2165 occupati,
934 2077 992 2166 qui
1006 2100 1111 2167 quum
1124 2077 1172 2143 le-

131 2183 278 2273 gendnm
291 2198 426 2248 sumunt
443 2204 576 2270 gravem
592 2179 771 2271 quemdam
787 2198 820 2247 et
835 2181 1018 2270 elegantem
1033 2182 1171 2270 scripto·

130 2311 202 2353 rem
216 2305 378 2367 veterem,
396 2287 515 2367 multa,
531 2285 573 2351 ad
585 2309 700 2352 sensus
713 2287 783 2376 ejus
798 2285 1046 2375 cognoscendos
1059 2309 1171 2352 neces·

129 2392 230 2473 saria,
250 2394 284 2456 in
302 2393 379 2456 artis
398 2393 591 2457 tractatione
609 2392 808 2480 praesertim,
827 2414 847 2455 a
865 2392 1088 2456 recentiorum
1107 2415 1172 2457 usu

130 2515 271 2578 remota,
286 2497 391 2587 qualis
406 2513 455 2567 est
468 2495 640 2563 rhetorum
653 2497 880 2587 antiquorum,
893 2498 1003 2561 minus
1018 2515 1171 2586 prompta

131 2620 165 2668 et
181 2603 215 2666 in
230 2587 405 2666 numerato
419 2600 562 2667 habeant
577 2624 711 2667 necesse
726 2617 791 2682 est,
808 2603 885 2692 quia
899 2619 956 2667 aut
969 2619 1046 2667 sunt
1060 2603 1170 2684 obliti,

132 2726 189 2773 aut
208 2692 380 2796 nunquam
398 2730 460 2795 pro
478 2705 664 2774 studiorum
682 2729 818 2772 suorum
836 2709 962 2773 ratione
983 2707 1171 2796 attigerunt.

133 2811 183 2876 lta
202 2812 378 2877 constituta
397 2828 430 2876 et
449 2810 611 2907 descripta
631 2812 810 2892 lectorum,
829 2835 913 2901 quos
934 2814 1174 2901 circumspexe-

133 2918 213 2997 rim,
237 2917 355 2995 classe,
377 2940 445 2981 non
468 2915 624 3007 equidem
641 2940 759 2982 vereor
779 2940 820 2982 ne
840 2918 977 2984 consilio
998 2918 1090 2984 nullo
1112 2943 1173 2985 nec

132 3010 260 3117 'ratione
278 3023 446 3111 scripsisse
461 3021 602 3112 judicer.
620 3021 718 3104 Quod
735 3023 824 3086 enim
840 3023 963 3088 morosi
982 3023 1117 3115 qpidam
1139 3026 1172 3088 in

134 3128 270 3215 singulis
291 3125 629 3192 animadversionibus
648 3128 864 3216 interpretum
884 3127 1025 3208 baerent,
1043 3131 1097 3195 cui
1115 3153 1173 3218 po·

133 3231 298 3297 tissimum
316 3232 432 3297 lectori
453 3255 565 3298 earum
582 3255 723 3324 quaeque
744 3232 900 3298 destinari
918 3234 1078 3321 potuerit,
1101 3242 1173 3300 eam

135 3338 333 3402 calumniam
354 3337 456 3426 magis
478 3361 577 3428 quam
597 3337 801 3427 diligentiam
817 3337 989 3429 judicandi
1012 3341 1172 3405 existimo.

136 3445 253 3533 Neque
266 3465 398 3522 recuso,
414 3445 441 3508 si
455 3467 585 3509 summo
595 3445 671 3536 jure
683 3462 797 3533 agatur
809 3468 957 3527 mecum,
971 3447 1122 3534 pluscula
1135 3472 1174 3513 ex

58 3616 62 3623 f
136 3549 193 3631 iis,
210 3574 284 3640 quae
300 3551 431 3632 monui,
446 3551 551 3616 aliena
567 3575 585 3615 a
602 3555 771 3641 proposito
787 3577 862 3618 meo
878 3577 1072 3642 agnoscere,
1093 3556 1173 3621 dum

137 3677 265 3720 summa
280 3672 408 3720 constet
423 3657 570 3727 consilio.
587 3657 674 3725 Illud
689 3659 804 3724 saltem
818 3683 837 3724 a
851 3683 904 3725 me
915 3683 1090 3748 perperam
1102 3685 1173 3727 esse

138 3747 262 3826 factum
279 3783 488 3852 nequaquam
504 3763 620 3844 credo,
636 3763 727 3854 quod
744 3765 870 3830 Criticae
887 3789 1021 3856 quoque
1038 3768 1173 3833 rationis

139 3864 336 3956 plerumque
347 3891 476 3934 memor
487 3869 544 3933 fui.
555 3871 763 3960 Quicumque
776 3889 923 3936 veterem
934 3871 1056 3950 librum
1064 3872 1175 3962 legen-

140 3967 221 4048 dum
239 3973 351 4057 sumit,
371 3972 435 4045 hoc
453 3973 542 4063 apud
560 3976 706 4063 animum
726 4000 823 4045 suum
843 3978 1020 4044 constituat
1039 3970 1173 4046 necesse
