2648 4852
181 401 222 480 42
461 395 508 461 n.
528 396 642 461 raon
660 395 939 479 Qurnrnrntr
1050 461 1055 471 ,

180 518 444 616 institutumque
464 515 669 617 eloquentiae
686 517 788 591 bonis
809 517 900 612 male
921 517 989 608 uti,
1012 545 1132 591 curam
1152 546 1225 593 mo-

56 643 58 646 ⁴
130 639 161 706 ¹l
181 619 350 730 rum,'qui
365 631 478 703 diserti
491 632 722 722 habebantur,
735 630 960 731 reliquerunt.
973 632 1024 702 Ea
1035 657 1115 704 vero
1125 631 1224 704 desti·

179 767 270 837 tuta,
288 745 539 818 infirmioribus
551 744 805 844 ingeniis-velut
820 745 943 844 praedae
953 743 1032 816 fuit.
1048 744 1135 816 Inde
1148 743 1225 842 qui·

179 845 281 949 dam,
305 876 504 958 contempto
527 859 776 935 benedicendi
798 858 935 950 labore,
954 858 1000 931 ad
1020 858 1224 931 formandos

178 976 315 1050 animos
330 974 596 1075 statuendasque
613 975 689 1049 vitae
706 975 799 1077 leges
817 975 978 1074 regressi,
997 993 1131 1073 partem
1150 974 1224 1073 qui-

178 1090 260 1162 dem
282 1084 471 1188 potiorem,
495 1089 523 1162 si
544 1089 650 1167 dividi
672 1110 806 1189 posset,
828 1090 1067 1163 retinuerunt:
1091 1114 1223 1160 nomen

177 1225 296 1279 tamen
306 1202 371 1276 sibi
383 1203 690 1277 insolentissimum
699 1224 958 1304 arrogaverunt,
970 1202 1079 1275 utsoli
1090 1201 1224 1300 sapien·

177 1317 835 1420 tiestudiosivocarentur:quodneque
843 1317 974 1391 summi
984 1317 1223 1416 imperatores,

178 1460 293 1534 neque
305 1433 342 1505 in
355 1433 504 1506 consiliis
517 1461 634 1507 rerum
646 1434 879 1507 maximarum
892 1461 932 1506 ae
946 1433 1049 1506 totius
1060 1432 1224 1504 adminis-

178 1546 322 1620 tratione
340 1546 537 1648 reipublicae
554 1547 811 1648 praeclarissime
825 1548 964 1637 versati,
980 1547 1047 1620 sihi
1063 1573 1223 1646 unquam

177 1659 351 1734 vindicare
362 1683 444 1734 snut
454 1662 540 1735 ausi.
557 1666 585 1733 F
586 1688 683 1735 acere
693 1661 789 1735 enirn
802 1662 951 1762 optima,
961 1688 1069 1761 quam
1082 1661 1224 1759 promit-

127 1791 159 1849 ἰε
178 1797 248 1848 tere
262 1789 288 1867 ¹,
301 1776 512 1850 maluerunt.
525 1781 576 1850 Ae
587 1792 742 1849 veterum
754 1777 899 1876 quidem
911 1774 1084 1874 sapientiae
1097 1775 1225 1874 profes·

177 1914 296 1960 sorum
309 1889 439 1962 multos
448 1911 482 1962 et
492 1889 636 1962 honesta
645 1889 862 1989 praetepisse,
875 1910 908 1961 et
919 1909 959 1962 ut
969 1908 1223 1988 preceperunt,

178 2001 283 2074 etiam
295 2002 434 2094 vixisse,
450 2003 553 2078 facile
566 2004 813 2078 concesserim:
832 2003 954 2087 nostris
968 2030 1048 2075 vero
1061 2003 1224 2102 tempori·

177 2113 318 2189 bussub
326 2116 394 2191 hoc
404 2117 549 2192 nomine
559 2118 711 2191 maxima
721 2119 756 2190 in
766 2117 939 2218 plerisque
948 2117 1028 2189 vitia
1036 2116 1222 2188 latuerunt.

177 2233 257 2307 Non
275 2231 370 2305 enirn
382 2231 505 2306 virtute
520 2259 559 2306 ac
576 2233 714 2323 studiis,
728 2253 768 2305 ut
781 2232 992 2304 haberentur
1005 2228 1224 2329 philosophi,

177 2345 397 2437 laborabant,
409 2347 470 2420 sed
480 2347 636 2439 vultum,
648 2369 683 2420 et
695 2344 863 2420 tristitiam
875 2358 955 2436 ²,et
965 2343 1224 2417 dissentientem

178 2587 208 2638 ln
217 2581 313 2637 Aldina
323 2587 411 2656 priore
423 2586 501 2637 etiam
510 2579 581 2653 hoc,
594 2584 640 2639 sed
650 2588 678 2638 in
721 2566 778 2638 non
794 2586 850 2638 sine
867 2565 980 2637 consilio
997 2564 1226 2654 placendillomi·

179 2663 312 2729 secunda,
330 2662 483 2728 uiderentur,
503 2664 574 2716 unde
590 2677 679 2716 tamen
722 2667 812 2731 uano,
824 2666 869 2736 qui
882 2681 927 2716 eos
940 2675 966 2715 et
977 2659 1044 2713 urbe
1056 2672 1083 2712 et
1093 2659 1169 2711 Itaha
1182 2679 1227 2711 ex·

179 2742 312 2794 Gibsonus
325 2759 374 2814 per
387 2760 502 2793 errorem
518 2743 596 2794 affert
603 2742 679 2815 judi·
722 2743 839 2815 pulerat3
852 2760 903 2814 qna
913 2740 947 2794 de
956 2759 984 2793 re
994 2737 1101 2791 liberius
1110 2739 1161 2790 fuit
1171 2738 1227 2791 Sul·

178 2830 277 2872 eentur.
722 2824 797 2894 pieiet
813 2823 921 2874 Poetriae
932 2819 1062 2893 judicium
1071 2819 1104 2869 'in
1117 2817 1225 2891 Satyra;

218 2916 240 2953 t.
262 2897 432 2951 Promittere..
443 2898 517 2951 Idem
534 2899 587 2952 hoe
602 2899 680 2972 'quod
724 2901 770 2953 sed
777 2897 1227 2970 ettutius,interemptofortassetp-

177 2974 302 3050 profiteri,
310 2971 593 3044 inanimohatmnde
602 2982 679 3031 etiam
723 2998 816 3046 ranno,
826 2967 973 3043 scribentis,
979 2975 1021 3028 rel
1030 2992 1137 3027 carmen
1147 2974 1227 3027 eden·

179 3072 241 3108 mox
256 3055 430 3127 profestorum
448 3058 565 3120 mentio;
584 3055 679 3109 dicitur
724 3061 765 3110 tis.
777 3061 815 3111 Ex
826 3046 1015 3110 nodweltianis'
1025 3053 1132 3125 quidem
1143 3055 1226 3104 ratio-

95 3165 99 3171 =
180 3149 269 3191 autem
282 3134 316 3187 de
331 3137 363 3187 iis
378 3137 423 3206 qni
441 3134 558 3189 studium
571 3136 680 3207 aliquod
723 3135 801 3190 nibus
815 3134 926 3206 (Annal.
941 3136 1031 3203 Quint.
1045 3135 1068 3199 S.
1083 3131 1148 3202 26),
1163 3146 1226 3183 ante

179 3212 226 3267 ¹'tut
238 3227 320 3266 artem
331 3233 384 3286 prat
396 3233 424 3266 se
435 3214 531 3266 ferunt.
709 3213 789 3267 *illud
807 3215 949 3266 Domitiani
968 3211 1099 3277 edietum,
1120 3210 1226 3262 finitum

217 3309 241 3345 a.
256 3290 405 3344 Tristitiam.
417 3294 556 3364 Proprium
565 3291 679 3345 voeabu-
720 3298 775 3365 jam
786 3306 843 3345 erat
854 3306 940 3343 totum
951 3290 1004 3343 hoc
1019 3306 1095 3360 opus.
1108 3291 1172 3342 Non
1186 3303 1226 3340 ta-

181 3369 237 3423 lum
245 3368 279 3425 de
288 3371 412 3423 affectata
421 3389 525 3423 morum
532 3374 678 3425 severitate.
723 3390 784 3436 men
797 3374 859 3424 satis
872 3389 950 3442 grave
965 3368 1069 3422 videtur
1085 3376 1226 3437 argumen-

181 3451 223 3504 sio
244 3449 378 3502 luvenalis
400 3452 429 3503 in
449 3449 603 3504 eorumdem
624 3452 681 3502 irri-
724 3466 796 3517 tum,
811 3464 874 3522 post
890 3449 941 3502 tale
958 3449 1074 3500 edietum
1091 3446 1226 3498 rhetorem

182 3532 272 3582 sione:
285 3529 369 3597 “Quis
377 3530 447 3582 enim
452 3531 587 3583 nortvinus
597 3529 681 3582 abun·
724 3543 857 3593 nostrum,
868 3542 921 3580 tam
928 3526 1072 3600 proclivem
1082 3527 1227 3578 Domitiani

185 3630 197 3654 a
206 3606 390 3660 datTrittibus
406 3606 560 3661 obscenis.»
577 3606 629 3662 Sat.
642 3610 679 3674 ll,
726 3620 929 3672 assentatorem,
941 3603 1139 3678 philosophiam
1151 3616 1178 3656 et
1189 3607 1227 3676 ip·

183 3687 214 3752 8,
227 3703 260 3756 9,
269 3697 301 3739 ,et
313 3698 404 3739 noster
415 3688 454 3754 Il,
469 3687 561 3753 1,34,
571 3686 682 3739 barbam
726 3705 769 3740 ros
787 3684 980 3759 philosophos,
994 3684 1127 3737 Socratem
1142 3702 1167 3734 v.
1185 3701 1227 3746 c.,

183 3778 210 3818 et
225 3763 354 3818 tristitiam
366 3767 472 3837 jungit,
488 3784 569 3836 agens
586 3767 681 3818 iterum
725 3785 780 3818 non
805 3765 887 3817 fuisse
912 3761 1088 3815 laudaturum.
1111 3759 1227 3813 Volebat

182 3842 682 3916 denotentantibusex'profe'ssopbiloso-
722 3862 790 3897 sane
811 3842 893 3894 rideri
917 3842 1083 3895 Domitianus
1105 3836 1227 3911 philoso-

181 3922 282 3996 pbt'am.
293 3922 496 3975 Praetendebant.
513 3921 625 3974 Pulchre
638 3920 681 3974 hic
725 3921 810 3993 phos,
823 3935 956 3992 tamquam
967 3921 1036 3970 viros
1049 3915 1148 3983 malos,
1162 3935 1228 3986 pro-

159 4037 162 4041 ·
184 4023 215 4054 ex
224 4005 283 4074 ipso
294 4014 380 4075 etymo
390 4001 498 4053 dictum.
508 4003 635 4053 Ceterum
643 4004 682 4052 in·
726 4000 855 4067 seribere,
867 4019 922 4054 uon
932 4001 1017 4072 ipsam
1029 3995 1227 4070 philosophiam

182 4079 278 4136 vidiam
292 4081 355 4134 facit
365 4079 532 4154 philosophis
543 4077 571 4134 h.
586 4078 603 4132 l.
619 4097 681 4134 saue
727 4078 821 4133 odisse:
