2648 4852
206 722 282 809 DE
310 718 759 800 INSTITUTIONE
787 716 1103 803 ORATORIA

352 961 358 975 ’
384 976 487 1030 natu
506 976 617 1032 rursu
637 968 922 1033 snouusuruu.

56 1305 60 1312 ι
128 1217 172 1281 Μ.
188 1217 302 1279 Fabius
314 1214 528 1295 Quintilianus
538 1211 702 1298 Tryphoni
719 1214 865 1278 Salutem.
877 1252 916 1263 -
928 1218 975 1279 Ad
989 1219 1172 1282 Marcellum

167 1316 345 1376 Victorium‘
355 1313 554 1396 prooemium}
566 1345 604 1357 -
618 1312 691 1373 Gar.
705 1312 729 1374 l.
744 1314 830 1391 Quid
841 1315 921 1374 circa
934 1316 1069 1397 primam
1083 1321 1172 1400 pueri

167 1414 395 1493 institutionem
405 1409 636 1494 providendum
647 1412 697 1473 sit.
708 1412 733 1472 A
744 1412 831 1494 quali
842 1415 962 1475 nutrice
974 1415 1171 1477 educandum

166 1509 269 1570 filium
289 1522 376 1591 pater
396 1519 497 1584 curet,
515 1520 546 1567 et
568 1497 674 1588 quales
696 1521 899 1591 praeceptores
917 1511 1037 1591 primos
1057 1510 1171 1574 habere

166 1607 287 1669 debeat.
299 1641 339 1653 —
350 1607 389 1667 ll.
401 1606 513 1677 Utrum
525 1605 634 1665 utilius
646 1605 751 1680 dorni,
768 1627 808 1667 au
823 1607 856 1666 in
871 1605 984 1667 scholis
1002 1609 1170 1672 erudiatur.

164 1705 278 1769 -111.
298 1705 369 1782 Qua
391 1704 512 1764 ratione
532 1723 702 1785 puerorum
725 1704 852 1784 ingenia
876 1703 1119 1785 dignoscantur,
1142 1721 1172 1768 et

165 1802 326 1884 quomodo
344 1801 515 1863 tractanda.
532 1800 639 1863 -1v.
656 1800 702 1861 De
718 1802 938 1887 grammatica,
956 1802 995 1863 de
1012 1801 1123 1873 litteris
1141 1816 1171 1866 et

163 1920 271 1962 earum
285 1910 451 1981 potestate,
465 1917 501 1958 ae
514 1898 667 1958 orationis
682 1897 834 1979 partibus.
849 1897 1011 1959 Declinare
1026 1900 1169 1981 inprimis

164 1997 308 2071 nomina,
323 2008 353 2056 et
368 1995 463 2055 verba
478 1994 556 2054 seire
570 2005 695 2075 oportet
707 2014 837 2075 pueros,
849 2007 878 2054 et
894 2013 1122 2074 gonerannus,
1135 2016 1169 2056 ac

164 2093 347 2169 casus'l'um
360 2090 398 2153 de
407 2090 509 2152 verbis
519 2103 549 2152 et
557 2092 724 2151 verborum
738 2079 1012 2173 appellationibus.
1025 2123 1064 2136 -
1074 2093 1111 2152 V.
1123 2074 1169 2152 De

162 2189 330 2252 virtutihus
349 2202 379 2249 et
393 2188 482 2258 vitiis¹
495 2187 655 2248 orationis.
673 2221 711 2234 -
723 2186 776 2247 Vl.
793 2185 840 2247 De
858 2186 960 2246 verbis
977 2188 1115 2268 propriis
1134 2208 1169 2247 ae

161 2285 342 2359 translatis,
361 2284 480 2365 usitatis
499 2297 530 2345 et
547 2284 655 2359 novis,
673 2296 704 2344 et
724 2283 762 2344 de
780 2296 915 2365 quatuor
931 2282 1046 2362 quibus
1066 2303 1167 2344 sermo

163 2394 294 2444 constat.
313 2380 360 2440 De
377 2382 504 2441 vetustis
521 2381 641 2455 verbis,
656 2392 686 2441 et
702 2378 816 2461 quibus
831 2377 933 2439 verbis
948 2379 988 2438 sit
1003 2379 1166 2441 utendum.

126 2539 130 2547 ,
158 2479 208 2539 De
223 2477 416 2556 auctoritate.
431 2476 478 2537 De
490 2476 723 2537 consuetudine.
736 2509 774 2521 --
786 2476 853 2537 Vll.
868 2475 915 2536 De
932 2473 1166 2558 orthographia.

76 2622 86 2633 .
161 2609 201 2623 —·
211 2573 293 2635 Vlll.
303 2571 350 2632 De
361 2570 494 2632 lectione
507 2571 607 2654 pueri.
620 2605 659 2618 -
672 2571 724 2632 IX.
735 2570 782 2631 De
794 2568 899 2631 officio
914 2571 1126 2653 grammatici,
1137 2584 1167 2631 et

125 2713 129 2722 ·
160 2691 231 2754 quoe
242 2670 418 2753 primordia
430 2670 492 2731 sint
503 2669 639 2733 dicendi.
652 2703 692 2715 -
705 2671 743 2731 X.
757 2672 803 2731 Au
814 2670 931 2731 oratori
945 2666 1053 2743 futuro
1066 2690 1167 2730 neces·

148 2769 243 2853 saria
256 2768 296 2827 sit
305 2765 446 2849 plurium
458 2768 573 2826 artium
584 2766 721 2827 scientia.
734 2801 774 2816 -—-
786 2767 839 2826 xl.
852 2765 899 2826 De
910 2756 1012 2847 prinia
1023 2785 1166 2846 pronun·

160 2863 300 2926 tistionis
314 2876 344 2925 et
356 2876 456 2945 gestus
467 2863 672 2925 institutione.
682 2863 793 2925 -xlt
808 2863 854 2923 hu
865 2862 957 2944 plura
970 2860 1082 2922 eodem
1093 2874 1167 2926 tem·

161 2980 238 3046 pore
252 2960 357 3025 doceri
370 2961 473 3043 prima
487 2973 561 3023 setas
576 2961 682 3045 possit.
