2648 4852
227 395 271 489 ιι
504 389 551 455 ιι.
574 390 984 474 murronrnrmmnr

227 512 365 587 inutiles
387 514 460 584 fore
480 511 559 585 libri
581 513 803 605 videbantur,
824 540 911 612 quos
931 514 975 584 ab
997 512 1076 611 ipsis
1097 511 1236 585 dicendi
1255 525 1285 612 ’Δ

227 628 321 699 velut
331 627 642 727 incunabulis,per
651 620 878 726 omnemque
887 628 993 708 modo
1002 625 1134 725 aliquid
1144 627 1267 699 oratori

226 743 344 814 futuro
357 743 552 831 conferant,
570 762 674 832 artes,
687 740 731 812 ad
743 768 920 815 summam
933 742 1006 842 ejus
1018 741 1130 840 operis
1143 741 1268 840 perdu-

192 889 208 942 7
228 882 304 928 cere
315 855 592 946 destinabamus;
611 876 712 954 atque
726 883 769 928 eo
780 858 909 956 magis,
927 855 1021 955 quod
1035 855 1105 926 duo
1112 855 1189 955 jam
1201 853 1267 925 suh

136 996 138 1000 ·
226 971 372 1043 nomine
398 997 478 1042 meo
500 969 579 1042 libri
601 970 801 1042 ferebantur
824 971 904 1042 artis
931 969 1128 1059 rhetorieae‚
1152 974 1268 1066 'neque

227 1084 310 1155 editi
321 1111 342 1155 a
355 1111 431 1175 me,
449 1109 564 1182 neque
577 1082 613 1155 in
628 1085 694 1156 hoc
709 1083 909 1183 comparati.
926 1085 1088 1181 Namque
1102 1074 1268 1171 alterum,

227 1224 388 1271 sermone
404 1224 467 1296 per
481 1198 630 1277 biduum
647 1198 766 1270 habito
774 1197 922 1297 ,pneri,
939 1197 1067 1296 quibus
1083 1195 1120 1266 id
1136 1215 1271 1293 praesta·

227 1312 346 1400 batur,
371 1325 631 1410 exceperant²:
656 1312 803 1384 alterum
829 1311 989 1411 pluribus
1013 1336 1096 1382 sane
1122 1308 1272 1398 diebus,

228 1445 402 1524 quantum
428 1426 582 1498 notando
583 1452 767 1526 consequi
758 1421 998 1525 poterant³,
1020 1425 1272 1522 interceptum,

229 1538 338 1611 boni
323 1566 486 1641 juvenes,
500 1540 606 1614 sed
571 1541 723 1614 nimium
737 1563 893 1615 amantes
906 1541 993 1630 mei,
1005 1540 1187 1613 temerario
1203 1540 1274 1611 edi-

195 1671 212 1724 8
232 1644 333 1726 tionis
353 1652 485 1728 honore
504 1654 736 1755 vulgaverant.
757 1658 876 1747 Quare
894 1656 931 1727 iu
950 1655 1004 1727 his
1019 1676 1159 1754 quoque
1178 1652 1273 1724 libris

232 1857 283 1921 ad,
300 1854 348 1909 sed
364 1867 390 1908 et
398 1859 474 1929 jam,
490 1857 562 1929 quod
576 1877 625 1931 pro
641 1878 674 1911 eo
691 1872 732 1913 est
775 1875 828 1912 rus.
852 1860 889 1912 Ut
907 1857 1014 1910 credam
1034 1853 1148 1911 discordi
1169 1874 1227 1908 esse
1246 1858 1274 1922 in

234 1934 305 2006 apud
315 1933 419 1987 Aldum
433 1937 556 2006 Apertior
565 1955 627 1988 sane
638 1950 664 1990 et
673 1955 732 1989 sun
775 1941 851 1991 Voss.
866 1954 896 2003 ι,
907 1938 970 1988 facit
982 1953 1064 1987 mirus
1075 1955 1104 1986 ιιι
1115 1933 1275 2000 caeterrs,de

226 2013 616 2086 'pliciorsententinsineistisr
610 2015 730 2080 ·iterad,
777 2035 829 2088 quo
842 2017 905 2070 alibi
912 2015 1206 2088 ,hujnsflodioisoum
1219 2016 1276 2067 Go-

234 2091 282 2144 sed
292 2106 435 2166 praegravat
446 2095 588 2147 auctoritas
600 2107 626 2146 et
639 2107 733 2149 niuneh
776 2095 857 2149 thano
879 2113 1032 2148 consensus.
1054 2093 1165 2145 Praefero
1186 2106 1275 2144 autem

234 2189 278 2223 rus
288 2171 372 2224 Codd.
383 2183 409 2224 et
418 2190 582 2224 excusorum.
590 2175 658 2225 --R
666 2172 732 2226 cod.
776 2173 893 2239 dicendi,
911 2176 972 2245 quia
988 2175 1047 2245 ipsa
1062 2189 1205 2242 puerorum
1221 2170 1277 2222 dis-

153 2254 155 2261 '
237 2268 248 2303 1
253 2252 437 2320 ,inmarflinm
449 2264 561 2303 etnseo.
572 2269 623 2304 ma.
634 2250 732 2304 iterari.
776 2253 984 2325 erplrna,rpsum
993 2250 1099 2316 deseere,
1108 2250 1177 2302 bene
1186 2249 1279 2322 appel

235 2330 277 2381 Sic
297 2347 403 2400 quoque
423 2332 565 2401 Capperon
584 2332 679 2385 En.-
691 2330 734 2382 Ad
777 2331 846 2382 latur
854 2330 956 2382 dmendr
968 2329 1138 2391 ιἰιιιιιιιώιιὶιι,Ι
1132 2347 1279 2421 Ιςιιιιιιιιιι-

235 2406 334 2480 ingenii
356 2407 453 2460 lumen.
473 2407 515 2461 Ad
536 2409 733 2480 eloquentiam
777 2423 828 2462 tice
839 2429 908 2463 emm
916 2410 1005 2461 futuro
1017 2409 1243 2479 oratori‚quod
1219 2428 1276 2461 viro

236 2488 357 2556 apposite
369 2504 438 2536 enirn
449 2488 546 2555 Regius
558 2489 620 2538 crtat
631 2489 735 2539 Cremo
776 2488 866 2538 futuro
884 2505 966 2539 cunm.
979 2485 1088 2552 videt,
1108 2505 1138 2552 r,
1155 2505 1197 2538 21
1210 2488 1276 2539 Tam

236 2567 277 2616 nis
295 2564 406 2615 locum'
399 2583 426 2615 m
442 2566 539 2629 Bruto,
557 2583 580 2616 e.
604 2564 651 2618 15:
674 2569 733 2624 uUt
777 2568 906 2637 uptamin
920 2567 1161 2636 seriptura,quan1
1177 2568 1278 2637 recepit

239 2645 331 2693 «enim
344 2639 458 2692 hominis
472 2641 569 2708 decus,
584 2644 733 2713 ingenium,
776 2647 928 2697 Gesnerus:
957 2643 1069 2695 discordi
1096 2643 1276 2707 incunabula,

240 2722 299 2772 asie
315 2720 413 2792 inqem'r'
428 2723 510 2791 ipsius
527 2721 614 2773 lumen
627 2736 667 2775 est
679 2723 734 2773 elo·
777 2725 915 2794 imaginem
931 2740 986 2777 non
1002 2739 1126 2791 agnosco.
1139 2721 1276 2773 Guelferh.

241 2800 375 2873 equentia.
387 2821 398 2845 u
412 2802 445 2852 Et
453 2813 542 2871 potest
550 2801 631 2853 videri
641 2819 673 2854 eo
683 2820 735 2853 res·
778 2813 804 2854 et
816 2800 973 2852 Bodlsinnus
985 2818 1046 2850 cum
1057 2811 1115 2864 tot,
1131 2798 1164 2850 tle
1179 2798 1277 2868 quibus

237 2881 340 2950 perisse
350 2878 540 2945 Quintilianus,
550 2879 660 2932 simodo
671 2899 735 2933 sana
778 2893 888 2945 tacetur,
900 2879 982 2931 Codd.
994 2892 1019 2930 et
1029 2877 1088 2930 edd.
1099 2876 1217 2948 plurimis
1230 2877 1279 2928 de-

239 2969 278 3008 est
291 2953 362 3027 apud
372 2959 460 3028 ipsum
474 2958 610 3028 scriptura.
778 2958 891 3011 feudunt
909 2956 1012 3008 dicendi
1018 2979 1027 3016 ,·
1051 2956 1100 3006 etsi
1119 2959 1147 3008 in
1166 2956 1279 3007 vocibus

278 3053 301 3087 1.
313 3035 430 3088 Dicendi.
442 3037 472 3086 ln
482 3035 562 3107 liujus
573 3039 645 3088 vocis
657 3039 737 3089 varie·
779 3035 820 3089 his
836 3037 919 3088 dicere
934 3048 960 3087 et
977 3034 1084 3096 discere,
1098 3053 1209 3104 quarum
1225 3036 1281 3085 fre-

239 3125 292 3166 tate
303 3114 421 3167 notanda
432 3133 517 3185 operae
526 3111 637 3168 'Gibsoni
645 3116 736 3167 viden·
781 3116 949 3187 quentissima
962 3114 1100 3178 confusio,
1113 3131 1169 3165 uon
1183 3131 1280 3182 magna

239 3207 282 3244 tur
293 3213 401 3246 errasse.
415 3195 504 3262 Quum
515 3196 585 3246 eniru
597 3197 630 3246 sit
640 3196 667 3246 in
680 3198 735 3266 ejus
780 3207 820 3246 est
843 3193 927 3246 Codd.
953 3194 1102 3244 auctoritas.
1126 3191 1185 3243 vid.
1209 3192 1278 3244 Plin.

239 3285 330 3339 textu,
345 3271 418 3343 quod
430 3275 458 3324 in
472 3273 594 3325 omnihus
607 3274 662 3326 fere
676 3288 736 3325 ante
780 3275 847 3343 Epp.
859 3274 910 3337 lll,
922 3270 954 3337 5,
969 3271 999 3322 5:
1018 3289 1077 3321 «or.
1092 3271 1123 3321 alr
1138 3271 1188 3322 ino.
1202 3273 1281 3323 insti-

240 3370 316 3416 eum,
329 3350 444 3410 dicendi3
453 3365 575 3422 excerpta
584 3353 611 3402 in
620 3364 735 3403 extremo
783 3354 860 3403 «tuit.
872 3375 883 3398 ι
899 3380 935 3390 -
945 3350 1054 3402 Dicendi
1073 3353 1105 3402 R.
1125 3368 1157 3415 2,
1177 3348 1201 3402 5.
1218 3351 1281 3402 Dis-

239 3432 355 3499 margine
362 3432 448 3499 posita
453 3432 547 3480 iterum
557 3428 680 3482 exhibent
689 3429 737 3481 dis·
779 3430 853 3482 cendi
859 3433 889 3481 R.
902 3447 911 3481 ι
922 3442 948 3482 et
954 3431 1087 3500 Campana
1094 3428 1135 3481 orl.
1143 3432 1280 3500 Frequens

240 3508 326 3572 cendi,
339 3505 579 3578 utprobabileliat,
590 3524 736 3579 eumsupra
780 3507 852 3579 apud
869 3507 952 3560 codd.
972 3509 1093 3561 confusio
1109 3509 1178 3561 inter
1197 3508 1281 3559 dicere

239 3586 353 3638 voluisse
376 3586 439 3637 dare
461 3585 582 3640 discendi.
605 3589 736 3639 Posterius
780 3601 807 3638 et
815 3587 922 3650 discere,
935 3600 964 3637 ut
974 3589 1042 3638 inter
1050 3586 1131 3636 dicere
1140 3599 1166 3636 et
1176 3585 1280 3650 docere,

239 3665 320 3716 habet
330 3663 465 3716 Gothanus
471 3677 511 3731 et,
518 3666 568 3716 nisi
575 3664 660 3732 fallor,
667 3669 737 3716 Vos·
780 3680 806 3719 et
815 3667 897 3721 dicere
905 3679 932 3718 et
940 3666 1039 3717 ducere.
1047 3664 1238 3730 Nihilominus,
1249 3679 1280 3716 ut

240 3745 328 3795 sianus
340 3742 485 3808 secundus,
495 3761 653 3813 quamquam
665 3744 736 3815 apud
781 3745 901 3818 observet
908 3744 995 3815 Spald.
1003 3757 1109 3815 praestat
1115 3742 1226 3794 dicendi.
1232 3747 1280 3797 En.

238 3824 325 3873 Burm.
344 3824 381 3879 itu
399 3820 536 3872 scribitur:
556 3822 682 3888 discendi,
697 3823 737 3874 di·
792 3852 795 3857 .
818 3820 1280 3892 2.Exeeperant.Privatimaudienrlo

238 3900 312 3952 rendi
325 3904 402 3952 Voss.
418 3917 470 3950 sec.
486 3917 568 3969 quum
581 3914 669 3953 tamen
680 3904 737 3972 ipse
781 3915 807 3952 et
818 3903 968 3952 memoriter
978 3903 1147 3951 retinuerant.
1160 3903 1238 3950 Rom.

238 3981 367 4051 receperit
376 3980 462 4030 Burm.
473 3977 588 4041 dicendi,
599 3982 626 4030 in
637 3998 689 4053 quo
700 4000 737 4031 er
817 3980 841 4030 3.
859 3981 990 4030 Poterant.
1007 3982 1056 4029 Pro
1074 3997 1127 4049 quo
1141 3988 1284 4049 potnerunt

238 4075 326 4112 rorem
335 4055 476 4130 typotheue
485 4059 633 4131 suspicatur
641 4055 738 4112 Gesne·
780 4060 811 4112 R.
827 4075 837 4110 ι
849 4095 858 4124 ,
871 4075 902 4124 ι,
914 4071 940 4109 et
951 4059 1030 4112 Conr.
1043 4059 1089 4111 Eo.
