2648 4852
142 345 171 498 l,
375 394 550 471 osona.
574 399 683 467 ton.
707 397 944 467 sratnruo

140 516 360 621 plurimorum
371 543 448 616 post
456 542 586 602 renatas
597 525 720 591 litteras
732 523 920 613 capitalium
928 524 1076 614 virorum
1086 518 1183 587 dese·

140 637 281 717 ruerim,
296 634 554 717 Quinctilianum
567 654 636 696 non
648 631 887 714 Quintilianum
902 627 1127 714 scribentium.
1141 629 1182 691 ln

90 802 94 809 .
139 740 229 830 ipsos
243 740 352 829 operis
364 737 463 827 hujus
476 736 590 803 titulos
604 735 718 800 induci
731 735 803 802 haec
814 735 898 800 ratio
911 733 1026 822 coepit,
1041 733 1105 798 nisi
1119 733 1181 797 fal·

139 846 200 927 lor,
219 868 309 911 anno
326 840 631 932 superiorisseculi.
643 841 742 907 tertio
760 858 793 906 et
813 841 1045 928 nonagesimo,
1063 862 1082 903 a
1100 837 1180 923 Gib-

140 974 239 1032 sono,
255 950 314 1041 qui
329 970 432 1039 quum
440 946 645 1013 Leidensem
659 946 800 1011 rhetoris
814 947 918 1025 nostri
933 944 1114 1022 editionem
1127 966 1191 1023 ra·v

33 1044 35 1053 ’
139 1071 281 1146 peteret,
297 1053 339 1119 de
353 1077 414 1119 suo
426 1051 555 1118 addidit
566 1055 592 1116 C
605 1069 682 1118 ante
695 1051 816 1119 msed
830 1051 946 1117 habuit
958 1050 1014 1115 ille
1026 1066 1189 1121 auctores,

138 1161 309 1250 scriptume
318 1181 386 1224 suae
395 1181 533 1247 magnos
541 1159 630 1224 viros
643 1173 676 1223 et
685 1157 835 1246 inprimis
845 1155 1033 1244 diligentes,
1042 1171 1081 1237 ut
1089 1155 1185 1243 Sigoss.

137 1266 246 1345 nium,
259 1264 422 1353 Lipsium,
437 1267 621 1342 Muretum,
635 1264 675 1328 G.
687 1264 717 1326 J.
730 1264 898 1342 Vossium,
911 1261 1007 1342 alios;
1021 1259 1189 1334 Codicem,

138 1369 274 1460 quidem
290 1370 360 1446 MS,
371 1391 489 1447 vereor
499 1386 537 1450 ut
552 1368 680 1454 ullum,
689 1369 724 1434 in
739 1369 811 1457 ipso
823 1368 927 1434 nostri
938 1383 1027 1444 certe
1038 1368 1179 1458 scripto·

137 1478 182 1560 ris
201 1477 357 1556 nomine,
374 1499 478 1565 quum
496 1477 530 1540 in
551 1475 698 1564 cognatis
715 1460 960 1558 Quinctiorum,
982 1474 1183 1557 Quinctilio-¹

104 1663 105 1666 Ἴ
137 1605 227 1664 rum,
240 1605 308 1646 non
320 1605 392 1646 rara
403 1582 469 1646 sint
479 1578 578 1670 hujus
590 1581 760 1668 scripturae
772 1581 930 1670 exempla.
943 1583 1027 1644 Nam
1037 1578 1128 1670 quod
1138 1603 1183 1652 ex,

35 1696 39 1702 '
54 1709 62 1735 ²
136 1687 316 1778 Bodlejano
329 1686 409 1751 Cod.
423 1685 589 1751 Gibsonus
599 1685 633 1749 in
642 1686 752 1750 fronte
764 1686 872 1773 operis
887 1686 931 1750 ita
944 1686 1108 1773 signatum
1120 1706 1178 1753 no·

136 1817 215 1859 men
235 1795 356 1859 afferre
372 1791 512 1869 videtur,
532 1792 568 1856 id
585 1791 737 1857 consulto
755 1793 872 1857 fecisse
891 1815 968 1856 eum
986 1792 1040 1856 vix
1056 1788 1181 1868 credo,

55 1931 59 1943 ·
136 1900 293 1989 quoniam
312 1898 354 1962 de
373 1899 433 1962 ista
447 1897 603 1961 varietate
618 1897 675 1962 illo
694 1896 767 1962 loco
785 1898 919 1987 proprie
934 1919 1003 1962 non
1018 1896 1093 1984 agit.
1111 1894 1177 1962 Sed

135 2020 257 2092 negant
269 2003 338 2066 fere
351 2003 385 2066 in
398 2001 516 2066 talibus
528 2002 755 2066 auctoritatem
766 2025 838 2066 esse
851 2001 1004 2067 idoneam
1015 2000 1177 2066 Codicum

134 2109 367 2197 MSS..quippe
381 2123 587 2185 exaratorum
602 2106 643 2186 ab
658 2108 778 2195 ignaris
791 2107 989 2197 plerumque
1001 2105 1103 2171 medii
1114 2105 1177 2169 aevi

133 2211 292 2291 librariis,
311 2228 424 2277 contra
442 2211 610 2301 appellant
624 2196 753 2300 lapides
772 2234 991 2301 nummosque
1010 2227 1177 2290 vetustos,

134 2318 291 2384 certiores
308 2317 380 2382 illos
400 2332 433 2383 et
450 2318 664 2405 perenniores
680 2319 808 2407 antiqui
821 2318 922 2382 moris
937 2333 1047 2383 testes.
1067 2317 1177 2415 Etiam

62 2500 79 2518 s
133 2427 235 2516 etymi
255 2423 436 2490 rationibus
458 2425 622 2504 nituntur,
643 2448 661 2488 a
683 2446 750 2514 quo
771 2426 805 2489 in
824 2424 1013 2490 nominibus
1033 2425 1177 2513 propriis

132 2533 263 2621 parcius
286 2554 453 2597 recessum
476 2531 591 2611 fuerit,
610 2555 711 2620 quam
731 2533 766 2596 in
786 2531 1070 2620 appellationibus.
1092 2532 1176 2596 Esse

135 2638 225 2701 enim
238 2648 289 2705 ἀπὸ
303 2655 352 2704 τοῦ
363 2654 511 2714 QurthJs
523 2635 703 2724 repetenda
715 2635 877 2726 ejusmodi
890 2637 1032 2701 nomina.
1049 2635 1115 2700 Sed
1130 2656 1175 2728 ne

132 2733 305 2806 marmoris
325 2740 460 2830 quidem
479 2757 512 2806 et
529 2742 602 2806 aeris
618 2740 805 2830 ponderosa
821 2765 898 2808 sane
914 2743 1089 2809 auctoritas
1103 2765 1175 2806 rna·

128 2845 204 2937 jore
223 2869 263 2911 ex
277 2863 370 2935 parte
388 2846 582 2934 astipulatur
599 2847 655 2926 iis,
676 2844 799 2912 nedum
818 2865 855 2912 ut
872 2864 940 2912 tota
958 2870 1015 2912 eos
1036 2865 1173 2913 tutetur.

131 2951 251 3019 Adhuc
265 2952 396 3017 nonnisi
409 2975 512 3016 unum
529 2949 690 3039 lapidem,
706 2975 876 3042 unumque
892 2953 982 3017 idem
998 2975 1172 3035 nummum

132 3054 290 3146 cognovi,
315 3059 662 3147 quiourrrcrrmauuu
676 3046 888 3146 praeferrent.
912 3060 981 3132 Est¹
994 3059 1084 3122 enim
1107 3058 1174 3123 hoc

131 3157 256 3234 nornen
269 3164 314 3228 ita
327 3164 485 3251 scriptum
497 3163 532 3225 in
546 3162 636 3228 fastis
649 3163 840 3251 Capitolinis
852 3164 984 3229 Gruteri
998 3188 1031 3252 p.
1044 3163 1122 3252 295,
1139 3181 1172 3229 et

131 3269 167 3332 in
179 3291 316 3334 nummo
327 3267 418 3356 apud
429 3269 580 3332 Patinum
592 3268 644 3352 (in
657 3269 801 3334 Familiis
811 3270 966 3334 Romanis
980 3292 1053 3357 pag.
1072 3269 1170 3359 188),

29 3412 32 3417 ·
131 3375 274 3462 ingente
287 3373 406 3452 Nouia,
420 3396 563 3462 quorum
573 3389 716 3462 utroque
725 3375 828 3440 utitur
837 3373 1041 3440 Dukerusad
1052 3376 1123 3439 Liv.
1140 3400 1171 3454 1,

133 3479 192 3558 30,
214 3501 250 3560 2,
270 3477 351 3543 dum
370 3479 396 3542 C
417 3476 567 3543 defendit
585 3479 619 3542 in
637 3476 828 3569 hujusmodi
846 3479 1045 3562 nominibus,
1066 3480 1171 3574 Patini

132 3584 268 3672 quidem
281 3584 390 3672 ipsum
402 3605 578 3657 nummum
587 3583 708 3649 Valens
717 3585 728 3668 (
733 3583 771 3648 V
764 3585 902 3660 cillant,
913 3586 947 3648 in
958 3589 1046 3649 Fam.
1058 3587 1170 3673 Rom,

26 3741 29 3745 Δ
130 3704 154 3773 t.
171 3691 217 3769 ΙΙ,
231 3712 264 3777 p.
282 3688 360 3775 173)
372 3688 516 3776 ingente
530 3689 637 3753 Nouia
651 3689 783 3754 exhibet
794 3690 957 3777 signatum
972 3691 1042 3755 sine
1055 3692 1098 3753 C:
1113 3714 1170 3754 ne-

131 3816 197 3883 que
209 3810 320 3859 tamen
329 3792 469 3858 dubium
482 3795 563 3882 quin
576 3794 681 3858 Patini
690 3795 775 3860 ratio
784 3817 862 3859 vera
874 3797 929 3876 sit,
943 3812 976 3861 et
985 3796 1020 3860 in
1029 3795 1180 3875 Valente.

129 3898 266 3988 insignis
278 3897 425 3962 mandati
437 3898 561 3986 negotii
572 3899 697 3964 incuria
711 3904 765 3986 (2).
779 3901 966 3990 Utrumque
980 3901 1168 3987 exemplum

129 4021 180 4072 est
201 4004 304 4073 aetatis
325 4006 517 4093 Augusteae,
541 4004 634 4096 cujus
658 4028 719 4095 ego
743 4007 941 4096 scripturam,
962 4028 1029 4085 non
1051 4005 1168 4074 dubito
