2648 4852
213 368 290 458 xviij
608 363 869 429 renrsmo,

214 505 428 566 convertant
444 487 706 577 adolescentes,
723 487 786 559 sed
803 492 911 559 etiam
925 488 1058 560 discant
1069 487 1269 588 cujuslibet

214 611 325 680 aetatis
345 609 413 675 viri
428 618 462 675 et
478 619 592 674 ornent
606 604 795 674 meminisse
808 607 922 700 periti.

262 722 310 791 At
327 718 381 793 illi
401 745 465 817 per
485 717 728 815 quadraginta
750 721 834 788 vitae
852 716 960 788 bonis
982 717 1183 816 disciplinis
1199 719 1269 790 de-

215 833 299 906 ditae
312 858 431 907 annos
446 835 633 933 precipuo
646 830 716 902 fuit
730 830 855 903 studio
871 832 1142 923 Quintilianus,
1153 859 1268 931 quem

211 948 363 1046 judicii,
388 972 538 1018 morum
563 957 597 1015 et
621 945 800 1017 doctrinae
824 950 1040 1045 magistrum
1068 951 1107 1018 in
1135 953 1269 1020 animis

214 1067 444 1161 ingeniisque
459 1059 642 1157 juvenum
654 1058 905 1131 'informandis
920 1086 1063 1158 semper
1075 1060 1267 1154 adhibuit3

214 1193 249 1248 et
263 1203 306 1247 eo
321 1201 438 1273 usque
449 1172 627 1245 indelessa
640 1172 711 1245 fuit
724 1172 823 1246 illius
839 1199 966 1271 opera,
984 1191 1023 1245 ut
1038 1192 1167 1274 praeter
1180 1177 1272 1255 duo

215 1290 333 1362 decim
345 1293 465 1387 Regiae
475 1287 709 1361 Bibliothecae
720 1291 992 1387 MSS‚quosad
1003 1289 1181 1362 ultimum
1194 1317 1270 1362 ver·

214 1405 308 1480 bum
319 1404 468 1502 perlegit
480 1408 787 1502 integros,unu1n
799 1408 1182 1502 insuperPttA'rENSEtt
1191 1411 1270 1504 pari

215 1520 404 1618 diligentia
429 1535 721 1618 recognosceret,
746 1517 907 1616 (horum
929 1523 1099 1591 notitiam
1127 1525 1273 1618 paginae

216 1651 406 1732 sequentes
425 1633 623 1728 offerent),
647 1651 681 1705 et
702 1639 819 1706 varias
837 1634 1009 1706 lectiones
1030 1634 1196 1732 religiose
1215 1661 1273 1705 ex-

216 1753 363 1846 cerpsit:
379 1748 480 1819 unde
494 1764 662 1820 exortum
676 1774 769 1846 opus
779 1751 1120 1846 exquisitissimum,
1133 1760 1169 1819 'et
1178 1749 1272 1820 adeo

216 1863 264 1936 ab
278 1868 382 1935 omni
395 1880 496 1960 parte
508 1879 674 1934 exactum
686 1861 881 1953 habemus,
892 1880 934 1935 ut
942 1863 1113 1960 deinceps
1122 1863 1170 1934 ad
1181 1863 1273 1935 alios

217 1978 370 2050 Codices
386 2002 571 2048 recurrere
582 1981 742 2048 otiosum
752 1993 787 2048 et
800 1976 931 2048 inutile
945 1978 1053 2048 nohis
1067 1977 1246 2049 videatur.

265 2095 322 2165 En
335 2092 430 2164 illud
443 2091 508 2164 tibi
523 2093 669 2164 donum
682 2091 891 2179 offerimus,
905 2091 1173 2164 humanissime
1186 2095 1274 2164 Lec-

217 2224 287 2296 tor,
304 2208 406 2306 quod
424 2212 462 2278 in
479 2225 642 2279 nostram
657 2213 921 2305 possessionem
938 2212 1060 2279 venire
1072 2207 1191 2278 voluit
1205 2234 1273 2279 ne-

217 2349 284 2423 pos
294 2325 399 2421 pius(
407 2322 921 2421 1),optimoillietlitterarum
931 2325 1183 2393 amantissimo
1192 2327 1274 2394 viro

218 2464 297 2510 non
307 2437 621 2537 inficiandus,qui
630 2436 808 2510 avunculi
817 2441 874 2508 sui
888 2442 1107 2509 memoriam
1122 2462 1273 2526 ornare,

198 2578 296 2624 snon
320 2555 359 2622 in
381 2551 529 2624 lucrum
547 2569 687 2624 vertere
701 2557 884 2650 cogitans,
900 2550 1165 2623 nobilissimam
1182 2556 1273 2622 tanti

219 2671 382 2764 magistri
399 2683 539 2764 partem
560 2666 710 2738 tumulo
731 2670 888 2763 eripere,
910 2680 945 2737 et
967 2671 1136 2764 posteris,
1155 2671 1185 2738 si
1209 2694 1276 2769 per

219 2806 288 2854 nos
304 2779 357 2852 fas
374 2798 444 2871 est,
462 2785 691 2853 committere
704 2780 832 2852 seculis
849 2780 1021 2854 decrevit.

270 2894 435 2968 Plurima
456 2922 607 2995 quoque
629 2922 689 2969 me
712 2894 844 2967 debere
866 2895 993 2984 fateor,
1016 2896 1165 2967 erudito
1194 2899 1274 2966 viro

220 3011 267 3082 Ν.
281 3011 320 3082 L.
339 3008 547 3098 Achaintre,
563 3015 646 3109 qui,
664 3009 755 3081 dum
773 3011 907 3082 assidui
925 3015 964 3083 in
980 3016 1083 3082 omni
1100 3028 1201 3109 parte
1217 3010 1273 3081 la-

220 3122 326 3196 bores
351 3129 464 3222 magis
488 3153 530 3197 ac
553 3129 667 3223 magis
688 3127 972 3215 commendant,
998 3130 1046 3197 ite
1066 3128 1145 3224 jam
1168 3126 1270 3223 apud

221 3237 351 3310 doctos
367 3244 549 3328 innotuit,
564 3255 624 3328 ut,
639 3238 703 3311 illo
719 3245 930 3328 nominato,
947 3245 1068 3312 statim
1085 3240 1271 3338 intelliga-

220 3369 292 3441 tur,
310 3353 470 3447 nullqm,
485 3381 568 3453 quae
583 3354 704 3426 studio
719 3373 755 3426 et
769 3359 968 3448 attentione
981 3356 1092 3455 digna
1103 3360 1166 3443 sit,
1182 3355 1275 3427 hino

172 3530 175 3537 .
220 3466 512 3566 disquisitionem
527 3467 750 3540 abfuturum.
1041 3542 1045 3550 ,

267 3581 477 3680 Analysim,
494 3609 608 3680 quam
624 3586 828 3681 unicuique
842 3582 938 3655 libro
953 3584 1155 3682 praefixerat
1171 3587 1214 3656 G.
1230 3587 1273 3657 L,

220 3696 400 3796 Spalding,
416 3699 462 3770 ad
478 3698 678 3770 voluminis
693 3699 886 3797 rejecimus
898 3699 1051 3789 calcem3
1069 3718 1104 3771 et
1120 3699 1270 3773 illarum

218 3807 304 3882 looo
329 3811 496 3885 breviora
520 3814 688 3887 edition-is
712 3813 817 3885 dictae
846 3817 1033 3888 Variorum
1052 3831 1271 3914 argumenta

219 3926 499 4018 suffecimus,ut
509 3929 760 4029 Spaldingiani
770 3930 904 4002 laboris
915 3930 1180 4002 desideraretur
1188 3954 1273 4028 pars

255 4092 295 4166 (1)
305 4097 347 4151 M.
361 4097 452 4150 Coutte
461 4097 584 4166 lambio,
595 4098 627 4152 de
635 4098 853 4171 Salat-Querella,
867 4117 948 4153 neaeu
960 4099 992 4150 de
1003 4101 1042 4151 Μ.
1058 4098 1167 4155 Woaire.
1182 4138 1185 4143 .
