2648 4852
213 375 266 468 xvj
370 354 374 362 '
607 374 870 447 aanrxrro.
937 381 940 390 ·

213 515 502 589 manae-naturae,
515 497 623 597 cujus
638 525 697 572 me
714 504 875 583 nimium
890 502 1104 598 participem
1119 522 1267 599 queror,

214 621 282 688 toti
296 620 369 688 sint
381 615 602 715 assignandi.

215 798 216 803 ,
261 730 523 803 DeCodicibus
534 747 657 802 autem
672 729 918 819 recensendis,
934 743 969 803 et
982 734 1089 802 variis
1102 729 1267 802 lectioni·

214 846 285 919 hus
298 845 581 920 transcribendis
594 849 752 919 maxime
766 845 943 917 sollicitus
953 847 999 918 G.
1012 847 1053 916 L.
1064 845 1267 932 Sraentnc,

205 987 457 1060 -quascunque
470 963 655 1032 Gesnerus
670 965 858 1050 omiserat,
873 961 931 1032 vel
945 960 1137 1032 vilissimas
1153 964 1270 1032 varic-

214 1093 302 1149 tates
321 1080 566 1174 transcripsit:
588 1077 651 1149 sed
674 1093 744 1149 tres
764 1092 907 1149 tanturn
924 1076 1077 1147 Codices
1091 1080 1168 1172 ipse
1182 1100 1272 1146 con·

214 1192 366 1282 tulerat,
391 1208 539 1264 caeteros
555 1219 603 1264 ex
624 1191 698 1265 fide
717 1194 1003 1291 praecedentium
1027 1198 1269 1290 interpretum

213 1312 353 1383 citavit:
371 1332 439 1378 nos
453 1324 576 1379 autem
593 1306 657 1379 illo
670 1307 849 1380 feliciores
863 1312 903 1378 in
919 1311 1028 1406 Regia
1044 1310 1270 1378 Parisiorum

147 1497 151 1507 ,
212 1419 441 1493 Bibliotheca
456 1418 646 1493 thesauros
659 1421 1036 1521 invenimus,quihus
1049 1446 1127 1492 non
1141 1425 1196 1491 uti
1211 1446 1270 1490 ne·

162 1547 164 1550 ’
212 1534 266 1607 ias
285 1534 428 1624 fuisset,
448 1540 646 1633 praesertim
664 1562 927 1634 quumomnes
942 1536 1042 1607 illius
1058 1534 1190 1633 templi
1210 1534 1270 1604 lit-

212 1652 332 1720 terarii
342 1646 533 1739 antistites,
545 1675 613 1748 pro
623 1676 690 1721 sua
701 1653 740 1719 in
752 1676 819 1724 nos
829 1649 1084 1732 benevolentia
1096 1648 1268 1722 adusum

210 1764 381 1836 editionis
396 1781 530 1837 nostrae
543 1769 801 1863 pretiosissima
815 1792 974 1864 quaeque
989 1765 1268 1837 subministrare

211 1883 374 1977 gestiant.
395 1880 494 1952 Inter
511 1878 687 1952 undecim
705 1881 791 1975 MSS
812 1905 907 1977 quos
928 1879 1117 1977 praebuere
1134 1903 1267 1949 consu·

132 1988 135 2000 ’
211 1992 362 2083 leudos,
386 2019 446 2066 sex
470 1999 609 2091 priores
633 2011 800 2067 accurate
824 1992 1072 2079 contulimus,
1102 2018 1267 2092 quorum

210 2112 475 2181 vetustissimus
502 2109 744 2206 (Persaeus)
771 2125 959 2181 non'ante
986 2112 1072 2181 Xlll
1098 2109 1267 2181 seculum

211 2221 411 2312 revehitur,
430 2241 464 2295 et
483 2223 541 2298 his
560 2228 656 2295 notis
671 2227 882 2324 insignitos,
900 2250 1010 2325 7719,
1028 2250 1139 2325 7710,
1159 2248 1267 2323 7711,

213 2363 325 2438 7722,
342 2338 455 2438 7713,
474 2336 584 2438 7714;
600 2364 746 2411 necnon
760 2357 795 2410 et
808 2339 1034 2437 Campanam
1051 2339 1267 2428 editionem,

210 2479 294 2552 quae
310 2473 482 2524 PRINCEPS
498 2456 660 2547 (Romae,
681 2452 791 2554 1470)
806 2457 870 2526 MS
888 2453 1001 2530 fidem
1020 2470 1199 2540 meretum
1220 2469 1268 2524 at·

210 2593 283 2665 que
305 2565 554 2653 Hackianam,
587 2567 703 2655 1665;
728 2586 763 2639 et
786 2594 899 2666 quam
929 2571 1108 2640 recensuit
1134 2566 1266 2639 Claud.

211 2681 469 2780 Capperonnier
485 2680 591 2780 17253
608 2696 642 2752 et
656 2686 751 2753 inter
765 2687 981 2755 recentiores
999 2683 1266 2754 eruditissimus

166 2786 168 2790 ¹
210 2796 394 2897 professor
408 2800 445 2868 F.
462 2799 508 2868 G.
522 2799 667 2883 Potticr,
681 2800 839 2887 Parisiis,
858 2799 960 2870 1812.
977 2800 1079 2890 Quas
1093 2799 1267 2869 lectiones

209 2911 299 2986 hinc
314 2930 348 2984 et
361 2913 450 2986 inde
461 2930 661 3010 excerptas,
675 2918 794 2985 statim
810 2912 1064 3013 Spaldinpicnis
1076 2911 1267 3010 subJ'unxiss

209 3052 311 3117 mus,
326 3043 515 3125 separante
530 3026 609 3099 sola
623 3026 695 3101 hac
710 3026 921 3119 lineola-,
935 3046 970 3100 ct
984 3028 1178 3100 claudente
1192 3026 1266 3098 hoc

210 3145 336 3240 signo,
355 3144 423 3214 Eo.

259 3258 434 3327 Praeterea
448 3273 553 3328 notas
568 3254 685 3352 adjeci
700 3281 743 3328 ex
756 3255 954 3347 Turneho,
972 3257 1199 3340 Camerario‚
1214 3258 1266 3325 Pi-

210 3365 335 3458 thoeo,
360 3386 394 3439 et
416 3369 566 3441 Rollino
592 3368 858 3456 selectissimas‚
885 3375 1053 3468 inprimis
1076 3396 1196 3468 quum
1218 3369 1266 3440 ad

209 3482 419 3575 historiam,
433 3501 467 3554 et
478 3484 657 3581 majorem
671 3500 786 3556 textus
798 3484 960 3557 difficilis
970 3484 1265 3583 explanationem

210 3601 452 3695 pertinerent:
472 3596 674 3668 nonnullas
689 3602 795 3670 etiam
817 3625 860 3670 cx
878 3627 958 3672 mea
975 3626 1074 3698 penu
1092 3599 1267 3696 desump-

209 3730 263 3784 tas
284 3717 440 3802 inserui3
464 3739 547 3811 quae
567 3713 719 3811 quidem
741 3715 1008 3802 additamenta,
1027 3718 1084 3785 sui
1105 3717 1265 3786 auctoris

208 3825 374 3900 breviato
388 3832 541 3900 nomine
550 3827 753 3926 designata,
765 3834 933 3928 quamvis
947 3828 1150 3927 Spaldingii
1165 3853 1267 3901 com-

204 3945 409 4044 mentarios
434 3963 564 4042 quarta
586 3941 713 4017 saltem
739 3961 840 4043 parte
864 3950 1050 4032 auxerint,
1075 3969 1152 4014 non
1180 3944 1263 4014 ideo

209 4056 413 4131 voluminis
439 4057 557 4143 moles
581 4063 755 4147 excrevit,
785 4064 873 4158 quia
901 4057 1122 4159 typographi
1148 4059 1263 4130 nostri
