2648 4852
480 388 743 456 rnnrrrro.
1084 392 1141 487 xiij

131 513 190 585 Sic
213 515 256 585 in
279 512 411 587 eodem
438 516 634 611 scriptore,
648 511 866 595 ,litterarum
892 518 1142 591 amantissime

80 626 225 718 Lector,
241 631 426 718 invenies,
440 645 475 700 et
489 631 667 705 eximium
684 626 906 726 eloquentie
923 633 1141 730 magistrum

84 740 195 815 simul
211 761 248 814 et
263 743 461 842 exemplar,
479 759 516 816 et
536 746 723 842 optimum
741 746 825 815 vitae
844 747 1087 834 monitorem,
1107 761 1143 818 et

82 855 371 959 philosophum,
384 858 611 934 cuinullum
623 858 774 935 fortasse
787 857 903 933 alium
917 875 1139 957 anteponas:

82 973 145 1043 sed
158 974 695 1071 jam.sntisdeQumr1tnno,
715 989 769 1060 et,
787 999 857 1071 pro
873 973 1014 1047 viribus
1031 979 1143 1066 meis,

84 1086 308 1188 ultraquam
322 1094 405 1163 satis
422 1106 493 1180 est;
509 1094 686 1188 pauciora
700 1089 853 1188 quidem
876 1089 971 1179 dixi;
990 1089 1052 1163 sed
1068 1088 1143 1163 for·

84 1227 146 1273 san
163 1202 263 1275 mibi
276 1204 431 1277 brevitas
448 1204 550 1278 laudi
567 1203 734 1292 dabitur,
752 1202 950 1303 licebitque
964 1229 1144 1302 usurpare

83 1313 188 1388 hunc
199 1320 350 1392 Pereunt
365 1317 611 1393 versiculum:

206 1477 243 1530 ei
254 1492 312 1530 non
324 1477 483 1552 ingenium,
495 1487 569 1531 certe
581 1472 746 1532 brevitatem
758 1473 898 1551 adprobn

25 1613 27 1617 ’
86 1611 144 1679 cui
159 1606 376 1709 subjicitur:

218 1771 290 1839 Qun
301 1767 491 1826 commendari
503 1779 581 1827 tauto
593 1767 676 1824 debet
685 1770 805 1844 justius,

134 1903 136 1907 -
215 1864 329 1932 Quanto
338 1868 427 1940 poete
439 1874 504 1918 sunt
515 1861 625 1917 molesti
638 1859 765 1916 validius.

86 1994 148 2067 ubi
164 1994 350 2071 inlocum
367 2015 548 2097 poetarum
566 1995 711 2073 facilius
732 1994 844 2070 eheu!
866 2014 1062 2080 auctorum
1083 2001 1143 2071 in-

84 2126 253 2208 terpentes
268 2111 426 2185 sufficiet
436 2112 587 2211 jocosus
600 2114 743 2186 Lector.
1075 2197 1077 2201 ι

128 2226 250 2296 Venio
263 2252 365 2299 nuuc
375 2227 422 2299 ed
433 2254 491 2318 ea,
500 2252 586 2325 quae
596 2225 736 2298 hancce
745 2243 911 2323 spectant
920 2227 1139 2316 editionem,

83 2354 115 2408 et
122 2344 246 2415 statim
253 2338 373 2416 fateor
381 2341 477 2415 mihi
487 2339 639 2422 nullum
653 2365 696 2412 ex
710 2339 885 2413 omnibus
894 2343 1137 2433 Qutnrrnmttt

84 2455 459 2545 commentatoribus,
477 2480 646 2555 quorum
669 2453 958 2536 lucubrationes
971 2469 1142 2527 accurate

83 2567 254 2664 perlectas
268 2574 414 2647 interse
427 2569 590 2658 contuli,
602 2573 786 2667 potiorem
800 2573 1009 2670 nostrisque
1022 2573 1141 2641 consi·

83 2680 136 2754 liis
154 2687 342 2780 optionem·
355 2687 553 2756 inventum
570 2682 702 2772 fnisse,
723 2709 836 2781 quam
856 2683 1140 2758 celeberrimum

84 2793 504 2873 berolino-Coloniensis
517 2799 712 2896 Gymnasii
727 2796 987 2896 professorem,
1003 2800 1138 2896 Georg.

83 2910 385 2987 Lud.St³A1.nfflc:
395 2917 462 3011 qui
472 2913 624 3011 quidem
634 2917 692 2984 vir
701 2911 923 2987 clarissimus
933 2912 1046 3011 longo
1058 2928 1140 3009 post

84 3053 117 3099 se
128 3027 326 3114 intervallo
341 3046 488 3103 ceteros
502 3028 734 3128 relinquens,
750 3053 914 3128 quorum
927 3047 1068 3101 mentes
1082 3044 1140 3100 at·

85 3169 152 3241 que
166 3149 316 3243 ingenia
325 3149 488 3218 exercuit
497 3149 739 3225 institutionis
749 3148 918 3217 oratoriae
928 3148 1139 3241 interpreta-

83 3262 143 3348 tio,
153 3259 269 3333 nnllis
280 3260 502 3358 sumptibus,
513 3259 626 3335 nullis
638 3259 770 3360 vigiliis
780 3263 956 3360 pepercit,
967 3275 1010 3331 ut
1019 3285 1139 3331 emen·

85 3371 262 3447 datiorem
272 3391 411 3449 textum
420 3373 571 3449 offocet
583 3373 798 3463 lectoribus,
809 3391 920 3472 enque
931 3400 973 3445 ex
982 3374 1069 3446 MSS
1080 3400 1140 3446 an·
1234 3434 1235 3442 ,

84 3504 136 3561 tea
148 3493 193 3564 in
202 3489 443 3563 omeliarum
456 3489 610 3588 pulvere
625 3490 767 3562 obrutis
779 3505 939 3576 erueret,
950 3488 1137 3587 quidquid

82 3601 126 3674 td
141 3607 378 3700 propositum
392 3609 588 3702 pertineret
606 3631 737 3693 suurn,
758 3602 1033 3701 permultosque
1051 3599 1136 3675 sub·

81 3716 543 3816 jungeretnuaotationes,
564 3746 647 3817 quae
666 3719 882 3790 obscuriora
903 3716 1139 3815 explanarent

52 3869 58 3886 ·
84 3833 376 3908 etdilucidaeent
388 3835 471 3910 loca
492 3835 596 3932 (vide
612 3840 725 3934 ipsius
742 3833 1021 3921 Praefationem,
1041 3830 1139 3904 infra

83 3970 159 4046 pag.
178 3949 299 4044 1-31);
311 3975 388 4048 quo
399 3975 557 4023 munere
567 3954 656 4023 scite
668 3949 762 4036 adeo
777 3968 813 4022 et
830 3946 973 4022 erudite
989 3945 1138 4017 functus

86 4080 150 4151 est,
165 4063 268 4143 uted
281 4062 381 4137 banc
392 4064 491 4137 diem
508 4065 706 4138 doctorum
719 4077 906 4167 quotquot
916 4065 1053 4143 suntin
1065 4063 1139 4145 Eu·
