2648 4852
451 404 708 473 annuntio.
1048 362 1099 506 ⁸¹9

15 506 20 525 ι
51 529 239 614 custodit03·
253 553 356 622 quem
374 528 496 595 librum
515 531 678 596 Martinus
695 529 893 613 Gerbertus,
907 537 1100 603 monasterii

52 657 83 705 et
105 636 375 728 congregationis
396 635 506 701 Sancti
527 635 624 700 Blasii
651 637 685 701 in
709 635 790 700 silva
810 638 902 726 nigra
922 640 1040 722 abbas,
1064 645 1100 707 in

52 745 283 811 Monumeutis
295 742 417 807 veteris
433 741 588 829 biturgiae
603 741 836 822 Alemanuicae,
850 761 927 809 ante
943 746 1102 813 saecnlurn

53 869 142 919 certe
168 874 298 917 nonum
326 850 486 937 scripturn
509 871 582 914 esse
607 847 813 915 demonstrat
830 851 874 936 (⁸).
892 880 905 911 υ
933 855 1102 921 Hactenus

53 957 290 1046 Sulzbergerus
310 957 349 1019 V.
369 957 404 1020 G.
427 954 585 1020 Codicem
606 957 706 1042 igitur
726 972 824 1021 tantae
845 974 980 1048 tamque
997 961 1104 1024 mani·

55 1065 147 1129 lestae
160 1061 368 1152 antiquitatis
378 1059 426 1147 (⁶¹)
438 1083 543 1149 quum
555 1077 740 1141 teneamus,
755 1084 900 1152 eumque
912 1065 1103 1130 monasterii

56 1168 228 1260 qnondam
241 1167 460 1256 sangallensis
474 1166 656 1247 cimelium,
670 1165 751 1255 quid
762 1167 902 1256 impedit
915 1173 1005 1258 (quae
1017 1170 1103 1260 ejus·

56 1275 134 1340 dem
143 1273 353 1360 Sulzbergeri
363 1289 414 1338 est
427 1272 636 1360 conjectura)
651 1294 719 1362 quo
734 1273 843 1338 minus
857 1276 899 1339 sit
913 1275 969 1339 ille
983 1277 1053 1365 ipse
1067 1277 1106 1340 li·

55 1381 117 1447 ber
125 1380 322 1468 aPoggioin
333 1394 424 1443 turre
435 1376 638 1465 sangallensi
648 1379 802 1443 inventus
814 1395 965 1468 tempore
972 1383 1106 1447 concilii

55 1485 342 1553 Constantianam?
354 1483 457 1549 Adest
470 1499 586 1549 auctor
599 1483 812 1549 Mabillonius
826 1487 965 1568 (citante
979 1487 1107 1574 Sulzb.)

55 1595 92 1659 in
103 1594 224 1658 itinere
237 1592 449 1671 Germanico,
463 1614 496 1680 p.
509 1592 566 1670 36,
581 1591 699 1655 Hamb.
714 1594 744 1657 ls
755 1595 841 1657 inter
851 1593 932 1658 alios
944 1593 1046 1661 libros
1057 1596 1105 1660 in-

56 1699 236 1788 signiores,
250 1699 338 1763 visos
350 1721 368 1762 a
380 1719 416 1762 se
430 1713 463 1762 et
477 1714 631 1763 tractatos
644 1699 677 1762 in
689 1697 891 1763 bibliotheca
905 1701 1107 1788 Sangallensi

57 1828 148 1872 anno
167 1806 396 1884 MDLXXlll‚
415 1821 579 1869 memorat
596 1806 814 1887 «Quintiliani
830 1809 1057 1875 Institutiones
1072 1811 1107 1874 iu

58 1913 186 1980 Codice
200 1914 416 2003 perantiquo,
431 1936 532 2002 quem
550 1914 690 2002 Poggius
710 1914 962 1980 exscribendum
980 1919 1108 2007 accepit

59 2043 101 2083 ex
118 2021 190 2111 ipsp
206 2019 316 2084 Sancti
331 2018 416 2083 Galli
429 2017 640 2085 bibliotheca.
655 2048 669 2078 n
683 2019 844 2086 Videmus
860 2038 971 2086 autem
987 2022 1106 2104 modo,

58 2143 145 2191 teste
155 2124 389 2213 Sulzbergero,
402 2125 562 2190 Turicum
574 2125 767 2190 translatum
778 2149 849 2191 esse
860 2127 995 2207 librum,
1009 2129 1109 2218 hujus

60 2231 177 2297 saeculi
198 2231 304 2294 initio.
327 2231 376 2294 lta
394 2228 533 2318 pulchre
555 2231 758 2294 conveniunt
776 2231 895 2293 omnia.
915 2230 979 2295 Sed
1002 2231 1110 2298 obstat

59 2360 193 2402 summa
218 2334 370 2400 Bandinii
394 2337 571 2401 auctoritas
598 2336 763 2416 testantis,
788 2334 946 2400 Codicem
971 2336 1065 2400 illum
1090 2361 1110 2405 a

59 2443 188 2530 Poggio
212 2443 385 2506 inventum
408 2441 531 2506 servari
554 2440 588 2504 in
611 2441 732 2530 pluteis
757 2437 973 2520 Florentinis3
998 2464 1109 2530 neque

60 2549 155 2613 enim
167 2538 297 2622 dubitat
311 2547 391 2636 quin
406 2546 461 2612 hic
476 2548 545 2634 ipse
558 2548 613 2627 sit,
630 2570 730 2636 quem
742 2564 892 2612 recenset
904 2547 938 2610 in
953 2546 1109 2635 Catalogo

60 2652 225 2719 Codicum
245 2652 439 2716 Latinorum
456 2651 666 2718 bibliothecae
684 2651 843 2717 Mediceae
862 2653 1107 2732 Laurentianae,

61 2778 85 2824 t.
94 2760 137 2838 ll,
149 2782 182 2846 p.
193 2757 267 2823 382.
277 2759 384 2822 Miror
392 2758 618 2822 tamensimm
628 2757 855 2824 doctissimum
866 2759 990 2823 nullam
1000 2759 1109 2823 facere

63 2865 191 2929 itineris
205 2863 451 2942 Mnbilloniani,
467 2864 500 2926 in
516 2886 624 2953 eoque
639 2864 742 2944 illius,
759 2887 858 2953 quem
875 2863 977 2928 modo
993 2865 1107 2951 posui,

63 2970 129 3034 loci
150 2968 366 3033 mentionem.
386 2970 474 3051 Quin
494 2970 583 3033 enim
602 2969 769 3036 undecimi
790 2970 901 3035 saeculi
922 2972 1017 3054 (nam
1038 2969 1109 3058 ejus

65 3074 225 3165 temporis
252 3096 323 3139 esse
350 3075 485 3159 statuit)
509 3075 631 3139 librum
660 3093 693 3141 et
720 3075 909 3164 exemplum
936 3071 1108 3163 ejusdem,

100 3261 133 3334 (⁶)
144 3264 213 3315 Nam
225 3275 299 3314 tomo
311 3262 484 3332 1,Disquisit.
497 3263 535 3328 11,
546 3260 602 3313 baec
614 3260 710 3314 habet:

104 3349 171 3405 «Ille
182 3348 268 3420 (liber
278 3347 469 3420 sangallensis)
481 3348 631 3401 charactere
643 3369 673 3401 ae
685 3368 805 3402 sermone
816 3348 946 3415 barbaro,
958 3346 1110 3402 soloecismis

71 3438 201 3490 «refertus
214 3450 269 3502 est,
282 3436 365 3507 qualis
377 3435 507 3502 obtinuit,
523 3435 608 3489 donec
622 3435 673 3513 suh
685 3438 765 3508 stirpe
782 3435 944 3509 Carolingica
959 3436 1111 3489 refloresce·

72 3539 148 3578 trent
156 3526 257 3578 littere.
268 3546 280 3572 s

101 3616 134 3666 Et
144 3613 227 3686 paulo
238 3624 318 3684 poste

105 3700 361 3772 ·1nejusmferiore
374 3719 420 3752 ora
434 3699 468 3753 ad
482 3715 607 3753 nnnmno
619 3716 737 3753 vtronmt
750 3701 892 3772 ascriptum
906 3715 962 3754 est:
977 3702 1111 3753 Memento

77 3789 184 3842 «famuli
195 3791 236 3843 tui
247 3787 366 3841 Remedii
380 3791 516 3862 episcopi:
532 3803 557 3842 et
572 3804 720 3861 congruunt
734 3789 898 3843 characteres
912 3789 1008 3843 saeculo
1022 3806 1113 3855 nono,

77 3893 145 3946 «qno
156 3878 220 3929 vixit
232 3863 382 3929 Remedius.
393 3901 404 3926 n

106 3962 147 4036 (”)
157 3964 271 4018 Gerhius
284 3963 389 4035 quidem
401 3967 429 4018 in
440 3967 590 4034 Itinerario‚
602 3979 621 4018 t.
635 3968 673 4031 Π,
686 3985 713 4038 p.
729 3966 788 4037 247,
801 3965 921 4018 eumdem
932 3963 1053 4035 profecto
1065 3960 1113 4013 de·
1125 4028 1128 4033 1

76 4049 154 4122 signat
165 4051 310 4121 Codicem,
323 4050 369 4106 sed
379 4053 469 4107 saculi
481 4073 537 4108 esse
549 4056 585 4108 ait
596 4056 654 4110 xm
666 4075 672 4110 t
687 4068 739 4126 quo
752 4067 859 4107 auctore
870 4072 925 4105 non
936 4049 1060 4122 prodens.
1083 4073 1086 4076 ·

950 4155 973 4190 a.
