2648 4852
202 414 224 457 x
599 394 859 461 PRAEFATIO.

203 501 354 589 aet'atum
380 511 561 605 rhetores,
586 540 627 587 ea
652 514 719 586 dos
743 520 893 615 propria
913 532 964 588 est
985 532 1019 588 et
1038 515 1256 616 peculiaris,

203 626 307 726 quod
321 644 504 700 oratorem
517 654 594 700 non
604 628 727 700 solum
739 629 817 727 jam
833 634 872 700 in
882 647 998 703 rostra
1009 629 1257 704 conscenden-

202 758 277 814 tem
297 748 494 832 sustineat,
518 734 553 815 et
573 747 647 815 suis
667 742 796 817 fulciat
816 750 983 835 monitis,
1006 746 1068 818 sed
1090 751 1129 817 in
1150 749 1255 817 cunis

202 856 328 932 adhuc
336 863 557 958 vagientem,
569 884 647 929 non
658 883 760 931 secus
770 887 812 932 ac
823 859 949 932 sedula
963 865 1103 950 nutrix,
1114 863 1262 960 gremio

202 997 272 1045 suo
286 971 428 1062 foveat,
447 977 585 1071 primos
600 973 796 1046 observans
810 979 948 1075 ingenii
966 980 1144 1047 nascentis
1159 977 1258 1072 igni-

203 1086 326 1176 culos;
348 1087 502 1159 balbum
517 1113 557 1159 os
572 1088 733 1161 studiose
747 1089 880 1190 fingat,
900 1090 1067 1190 linguam
1084 1088 1258 1161 hesitan-

202 1217 276 1272 tem
292 1200 483 1273 evinculis
500 1202 682 1299 expediat,
700 1220 839 1276 teneras
854 1231 958 1276 aures
974 1229 1052 1275 non
1070 1207 1141 1275 nisi
1156 1203 1260 1274 casti-

203 1332 287 1415 gato
308 1315 452 1387 imbuat
468 1342 654 1406 sermone,
676 1335 711 1389 et
730 1317 862 1391 labella
881 1337 1048 1391 materno
1069 1318 1160 1390 lacte
1178 1342 1259 1388 ma-

203 1429 327 1502 dentia
343 1429 501 1504 suadelae
516 1430 730 1504 dulcissimo
745 1432 854 1505 melle
868 1438 1072 1532 contingat:
1095 1429 1198 1530 quod
1213 1428 1261 1500 de

206 1541 431 1642 quibusdam
442 1550 574 1642 poetis,
589 1550 654 1644 qui
665 1549 812 1619 Cretici
824 1561 1103 1645 nuncupantur,
1116 1544 1262 1616 dictum
1275 1565 1278 1571 ’

203 1676 273 1748 est,
299 1661 397 1732 idem
421 1661 466 1733 de
486 1661 596 1734 Fabio
618 1662 691 1734 diei
713 1680 848 1762 potest,
878 1663 987 1735 illum
1009 1661 1176 1734 videlicet
1195 1686 1263 1759 per

206 1789 315 1846 totum
331 1780 425 1848 ivisse
435 1792 623 1864 oratorem
635 1778 697 1850 sed
710 1806 793 1877 quae
803 1777 1000 1850 methodus
1011 1782 1051 1848 in
1061 1780 1155 1865 istis,
1165 1800 1262 1873 quos

205 1889 254 1961 oh
275 1916 356 1961 eam
375 1917 523 1962 causam
548 1891 694 1990 cyclicos
714 1909 870 1980 vocant,
888 1891 1050 1980 vatibus,
1069 1907 1261 1988 tamquam

204 2004 383 2076 mendosa
400 2011 550 2102 poeticae
567 2009 715 2078 unitatis
733 2004 872 2077 oblivio
891 2002 1183 2103 reprehenditur,
1201 2030 1264 2073 ea-

206 2117 290 2190 dem
315 2122 354 2189 in
375 2118 534 2192 Rhetore
554 2118 740 2208 laudatur,
759 2136 794 2191 et
813 2121 964 2207 merito,
984 2135 1026 2188 ut
1050 2116 1263 2215 perfectissi-

205 2257 290 2304 mus
309 2238 519 2332 argumenti
543 2237 722 2332 propositi
745 2232 929 2305 ambitus:
959 2231 1046 2303 inde
1072 2235 1265 2314 enimvero

206 2351 342 2420 exsistit
358 2348 529 2447 quaedam
547 2348 721 2422 omnibus
739 2347 907 2422 absoluta
926 2350 1090 2421 numeris
1104 2345 1262 2445 effigies,

207 2461 400 2561 quoddam
410 2463 654 2560 exemplanin
666 2487 743 2560 quo
754 2461 861 2550 nihil,
870 2487 1097 2560 quocunque
1107 2464 1263 2532 eircum-

207 2577 333 2648 tuleris
356 2577 504 2665 oculos,
527 2577 803 2664 desideraveris,
818 2576 996 2674 quodque
1014 2575 1266 2647 avidissimam

207 2688 387 2763 harumce
394 2688 752 2788 contemplationum
763 2706 924 2762 mentem
938 2689 1092 2788 expleat,
1104 2689 1192 2785 inde
1202 2688 1264 2779 fit,

208 2820 251 2876 ut
276 2821 455 2903 praecepta
481 2830 632 2877 morum
660 2809 848 2902 praeceptis
875 2805 1093 2902 eloquentiae
1120 2820 1204 2902 apte
1230 2820 1265 2874 et

209 2924 471 2992 convenienter
485 2923 719 3007 misceantur,
738 2935 780 2989 ut
796 2944 903 2990 verus
920 2935 1044 2995 orator
1058 2935 1092 2989 et
1106 2922 1163 2988 vir
1178 2943 1265 3015 pro·

207 3033 297 3123 hus,
313 3059 477 3132 quorum
499 3032 588 3104 alter
608 3036 687 3105 sine
707 3032 824 3106 altero
840 3049 1006 3107 constare
1025 3059 1104 3105 non
1125 3048 1268 3130 potest,

208 3146 457 3247 indissolubili
472 3174 568 3222 nexu
584 3148 777 3246 conjuncti
792 3152 887 3221 inter
901 3174 937 3219 se
952 3146 1176 3234 cohaereant,
1189 3152 1266 3220 ani-

210 3287 348 3361 moque
364 3265 452 3334 recti
467 3278 501 3333 et
517 3260 607 3333 boni
622 3266 771 3333 conscio
787 3267 927 3334 nitatur
944 3266 1156 3360 ingenium
1178 3260 1266 3332 inde

209 3375 253 3450 fit
277 3377 458 3474 denique,
488 3393 530 3448 ut
550 3381 675 3476 regina
697 3376 760 3451 illa
781 3376 1037 3450 humanorum
1061 3375 1268 3448 affectuum

209 3489 440 3589 eloquentia,
467 3491 639 3563 omnibus
662 3496 792 3589 stipata
815 3491 1012 3563 virtutihus
1036 3491 1204 3578 incedat,
1231 3505 1267 3563 et

209 3630 291 3676 vera
304 3609 531 3680 sanctissimo
545 3610 722 3679 comitatu
732 3621 850 3706 pateat
861 3607 935 3677 dea.
947 3608 1138 3677 Nocturna
1148 3630 1266 3677 manu

211 3719 571 3818 diurnaqueversent
582 3722 885 3812 Qmurmmuum,
895 3724 1112 3818 quicunque
1126 3716 1268 3815 fingen-

211 3833 266 3905 dis
284 3859 487 3932 puerorum
507 3837 639 3905 animis
658 3834 901 3922 incumbunt,
924 3844 1020 3905 etex
1040 3830 1105 3902 illo
1126 3831 1270 3906 discant

210 3949 346 4047 quibus
370 3947 552 4019 utendum
575 3953 621 4020 sit
635 3949 793 4039 artibus,
814 3974 892 4020 non
910 3964 1055 4020 tantum
1071 3946 1117 4017 ad
1136 3971 1269 4019 eorum

211 4067 359 4164 ingenia
375 4063 500 4140 litteris
515 4064 775 4165 perpolienda,
790 4063 854 4137 sed
870 4063 917 4140 ad
934 4087 1054 4140 mores
1069 4059 1270 4137 virtutibus
