2656 4852
172 427 214 498 aa
452 431 499 496 Μ.
519 428 633 495 stau
650 428 929 513 Qutnrnmur
952 416 955 421 '

169 550 373 657 ignorabam
396 556 525 648 multa,
543 582 620 656 quoe
638 556 681 627 ad
698 556 870 657 hoc-opus
891 555 1119 659 pertinerent,
1138 557 1216 657 dili·

136 709 150 745 2
171 671 367 772 gentissime
389 671 514 770 scripta
533 670 673 770 posteris
695 669 883 771 reliquisse.
906 671 974 745 Sed
992 664 1062 770 qua
1082 661 1153 771 ego*
1172 668 1215 746 ex

169 813 271 858 causa
286 779 476 857 faciliorem
495 785 583 856 mihi
598 784 735 857 veniam
754 810 841 856 meae
858 785 1106 884 deprecationis
1122 786 1214 876 arbi·

167 900 282 973 trahar
297 902 389 991 fore,
410 899 476 974 hac
493 900 775 989 accendebantur
787 898 984 1001 illi-magis:
1008 901 1104 1000 quod
1121 899 1214 973 inter
1244 906 1248 913 ’

98 1099 101 1103 .
169 1017 316 1089 diversas
332 1016 512 1115 opiniones
526 1017 701 1116 priorum,
719 1036 752 1088 et
767 1017 936 1116 quasdam
951 1016 1054 1088 etiam
1071 1016 1162 1089 inter
1174 1042 1210 1089 se

167 1131 371 1222 contrarias,
387 1131 535 1204 difficilis
550 1152 636 1203 esset
649 1129 768 1204 electio
780 1150 844 1203 :ut
859 1130 966 1222 mihi,
982 1131 1010 1203 si
1026 1157 1100 1203 nou
1116 1130 1210 1203 inve·

167 1245 288 1318 niendi
300 1247 408 1336 nova,
423 1265 457 1317 at
470 1266 559 1319 certe
567 1244 750 1348 judicandi
765 1246 808 1318 de
821 1244 1010 1333 veteribus,
1024 1243 1210 1349 injungere

132 1358 324 1431 elaborem
344 1386 416 1431 non
435 1359 560 1460 injuste
580 1359 787 1432 viderentur.
809 1358 979 1450 Quamvis
998 1381 1116 1432 autem
1136 1387 1209 1432 non

167 1494 239 1544 tam
259 1500 317 1545 me
334 1473 485 1545 vinceret
502 1472 701 1572 praestandi,
719 1474 813 1574 quod
832 1473 1041 1574 exigebatur,
1061 1473 1209 1563 fiducia,

168 1614 276 1686 quam
298 1587 448 1686 negandi
468 1587 696 1661 verecundia:
719 1588 819 1660 latius
839 1615 875 1660 se
894 1608 1015 1660 tamen
1034 1580 1209 1686 aperiente

168 1700 330 1792 materia,
351 1700 430 1800 plus
451 1729 558 1802 quam
579 1691 824 1801 imponebatur
841 1701 974 1791 oneris,
995 1721 1117 1800 sponte
1139 1726 1210 1773 sus·

168 1815 245 1914 cepi
253 1845 263 1904 ;
279 1816 384 1888 simul
397 1837 435 1888 ut
448 1815 594 1915 pleniori
606 1816 771 1916 obsequio
786 1817 981 1889 demererer
994 1830 1003 1860 ¹
1019 1815 1209 1887 amantissi-

168 1956 245 2001 mos
267 1928 357 2019 mei3
376 1930 482 2002 simul
503 1957 547 2004 ne
567 1931 745 2031 vulgarem
762 1930 857 2003 ¹viam
876 1930 1066 2029 ingressus,
1087 1929 1209 2002 alienis

132 2046 150 2115 4
170 2043 314 2115 demum
324 2057 338 2089 ²
348 2041 493 2145 vestigiis
503 2044 802 2118 insisteremNam
815 2045 925 2118 caeteri
934 2045 1017 2135 lere,
1025 2043 1086 2144 qui
1098 2062 1206 2116 artem

168 2160 289 2252 orandi
301 2160 418 2260 litteris
429 2161 661 2251 tradiderunt,
675 2162 721 2235 ita
734 2184 816 2236 sunt
829 2160 954 2251 exorsi,
966 2159 1064 2260 quasi
1077 2161 1209 2261 perfec·

166 2275 208 2347 tis
223 2274 321 2347 omni
333 2273 401 2347 alio
412 2302 537 2374 genere
549 2276 710 2350 doctrinae
722 2302 900 2354 summam
910 2274 991 2348 inde
1001 2273 1208 2375 eloquentia

167 2416 316 2469 manum
339 2384 355 2435 ³
377 2390 623 2490 imponerent:
649 2391 717 2465 sive
743 2409 1002 2465 contemnentes
1025 2409 1206 2488 tamquam

168 2616 202 2670 de
214 2617 268 2670 Off.
280 2619 305 2684 l,
321 2635 330 2670 1
342 2639 349 2670 a
365 2637 434 2688 «par
445 2618 479 2674 sis
495 2622 523 2674 in
534 2621 665 2695 utriusque
708 2618 762 2673 Liv.
774 2620 815 2687 X,
830 2618 880 2685 26,
893 2619 918 2670 6.
933 2618 975 2670 Sic
989 2628 1062 2681 orta,
1077 2634 1135 2687 quae
1147 2624 1209 2668 anta

171 2697 315 2750 «orationis
325 2697 480 2751 facultate.»
708 2702 854 2756 Gesneruru
876 2709 983 2768 recepte
1005 2707 1081 2761 erat,
1104 2691 1183 2755 lectio
1199 2715 1207 2745 a

207 2793 229 2827 1.
253 2775 406 2828 Demererer.
430 2778 469 2828 De
488 2797 530 2830 me
549 2797 663 2831 mererer.
707 2797 836 2834 summam
861 2778 889 2829 in
914 2775 1060 2847 eloquentia
1087 2792 1207 2824 manum,

167 2853 249 2918 Goth,
260 2853 327 2924 (tac
341 2857 418 2909 Gesn.
427 2855 449 2927 )
708 2859 795 2913 Editio
807 2863 923 2922 Veneta,
939 2851 1010 2926 apud
1025 2854 1073 2906 Ge.
1090 2846 1123 2903 de
1140 2853 1212 2903 Rus·

207 2953 230 2986 2.
247 2934 367 2987 Domum.
387 2935 466 2989 Plane
481 2954 530 3008 pro
547 2947 665 3004 tantum,
708 2937 819 2989 conibus
837 2933 918 3000 1512,
932 2934 1023 2985 miram
1037 2929 1144 2982 exhibet
1155 2931 1209 2983 loci

152 3008 293 3082 'temporis
316 3013 504 3082 significatione
528 3014 665 3067 obliterata
708 3015 923 3068 constitutionem
938 3028 1066 3063 summam
1082 3008 1209 3081 eloquen-

168 3089 210 3141 tel
235 3104 414 3144 evanescente.
438 3092 480 3147 Sic
502 3111 570 3164 saepe
594 3093 665 3166 apud
709 3094 772 3144 tiam
786 3110 902 3160 menum.
919 3093 1041 3143 Fortasse
1053 3106 1126 3139 mero
1142 3107 1208 3159 ope·

168 3182 287 3226 nostruin
307 3183 333 3222 et
351 3170 416 3225 alios
436 3170 554 3243 ejusdem
573 3175 663 3226 aetatis.
708 3189 902 3232 rarumerrore;
910 3170 958 3222 etsi
967 3166 1140 3219 correctiorem
1149 3185 1208 3217 eam

167 3243 253 3298 Etiam
260 3247 584 3321 Paulua,eFesto(p.Dac.
596 3247 665 3323 1'r70)
708 3251 804 3322 priori,
823 3249 885 3304 anni
906 3247 987 3316 1493,
1003 3242 1066 3298 dicit
1081 3247 1208 3297 Ernestus

171 3325 244 3378 «Alii
255 3326 358 3378 demum
372 3347 422 3400 pro
433 3328 562 3381 duntaxat
571 3325 665 3400 posue·
708 3330 784 3381 Fabr,
799 3327 863 3380 Bibl.
881 3340 944 3378 tom.
957 3326 1038 3396 ll,'p.
1054 3323 1114 3375 268.
1128 3322 1208 3376 Falso

171 3417 284 3456 arunt.»
301 3406 361 3458 Vid.
383 3419 409 3459 et
425 3405 612 3461 Ruhnleuium
631 3409 665 3460 ad
709 3426 787 3480 ¹sane,
803 3420 833 3458 ut
847 3403 967 3478 pluribus
984 3401 1110 3477 exemplis
1128 3398 1208 3454 intel·

166 3480 293 3544 Rutilium
303 3485 424 3557 Lupum,
434 3505 462 3556 p.
475 3485 517 3556 67.
707 3484 766 3538 leui.
776 3489 829 3537 Prae
838 3497 944 3555 recepta
955 3481 1069 3549 anobis,
1078 3474 1135 3552 quae
1145 3481 1208 3534 ferri

203 3563 227 3614 3.
238 3557 374 3615 Summam
384 3563 602 3635 indeeloqttentioe
610 3584 664 3616 ma·
708 3585 770 3619 sane
779 3578 880 3637 potest,
888 3563 983 3615 arridet
990 3560 1132 3614 Burmanni
1142 3581 1208 3614 con·

166 3659 240 3692 rrum.
263 3643 376 3714 Firmato
398 3640 453 3694 haec
476 3645 603 3714 scriptura
623 3637 664 3695 sat
704 3641 1209 3716 j'ecturaoeloquentia...imponeret,-

166 3718 254 3771 multis
264 3718 351 3786 tibris,
362 3720 456 3791 quibus
466 3721 567 3780 accedit
575 3722 661 3778 Guelf.
706 3725 840 3794 Campana
853 3721 933 3773 editio
946 3733 973 3774 et
983 3723 1014 3774 R.
1026 3717 1092 3772 cod.
1110 3734 1137 3785 t,
1152 3737 1206 3771 see.

163 3811 193 3849 et
211 3796 290 3850 talem
308 3800 406 3851 invenit
420 3801 532 3870 Regius,
549 3803 593 3871 qui
608 3794 664 3872 pri-
706 3797 764 3868 ma,
778 3796 906 3853 summam
920 3798 1080 3871 eloquentie.
1092 3799 1123 3849 R.
1138 3795 1205 3849 cod.

164 3895 224 3928 mus
240 3896 272 3936 ex
287 3874 439 3949 eloquentior
451 3876 570 3931 ultimam
582 3873 663 3931 ruca-
711 3898 737 3946 t,
755 3899 784 3946 2,
798 3893 825 3932 et
842 3879 921 3931 editio
938 3871 1161 3951 Capperonnerii‚
1178 3869 1206 3925 in

164 3955 217 4008 lem
235 3976 249 4008 e
265 3955 369 4020 abrasit.
387 3948 515 4025 Nimirum
531 3958 574 4022 iit,
591 3956 662 4031 quod
706 3957 861 4032 eloquentia.
879 3961 924 4010 Eu.
940 3987 974 3999 -
988 3958 1122 4032 Summam
1146 3954 1209 4034 inde

164 4049 221 4088 erat
237 4036 423 4107 compendium
438 4029 488 4109 pro
505 4037 579 4103 inde,
595 4040 662 4091 male
705 4034 857 4110 eloquentie
870 4035 987 4111 martum.
1001 4036 1137 4100 Genitivo,
1152 4036 1207 4085 non

164 4114 392 4188 interpretabatur.
404 4115 470 4174 vtde
481 4115 613 4186 Drakenb.
629 4116 663 4172 ad
706 4115 794 4171 dativo
802 4135 866 4170 casu
873 4105 1209 4190 accipiendaroxeloqueu·
