2648 4852
216 384 246 467 θ·
358 475 359 479 ¹
449 388 757 459 GEORG.''LUD.
781 390 1019 456 SPALDING
1073 450 1075 455 .

214 513 502 606 qni‘innerihitur‘:
516 513 718 579 Partitiones
739 513 899 578 oratoriae.
921 511 1128 602 Sed‚-qnum
1148 534 1201 579 res
1223 527 1260 580 et

213 620 296 685 levia
311 635 412 705 esset,
430 635 466 684 et
479 617 598 684 confici
612 617 781 706 nequiret,
797 615 1095 705 obtemperandum
1110 616 1188 682 duxi
1202 633 1259 683 τε·

213 725 416 792 centioribus
430 724 605 812 exemplis,
620 723 741 813 quibus
759 721 794 787 id
810 744 946 812 quoque
965 722 1128 802 concessi,
1148 740 1184 787 ut
1197 724 1259 787 ali-

214 831 291 896 eubi
308 853 393 919 opus
411 829 477 896 hoc
494 829 661 916 diceretur
674 828 1070 896 Oratotiaelnstitutionis
1086 827 1162 893 libri
1177 829 1258 914 XII.

212 936 432 1026 Neque-enim
444 933 619 1024 singularis
628 935 676 1000 aio
686 935 813 1023 positus
823 931 981 998 abhorret
991 931 1033 998 ab
1044 955 1108 998 usu
1121 934 1261 1021 scripto·

212 1041 388 1119 risnostti,
399 1041 458 1129 qui
469 1062 506 1106 se
517 1043 747 1106 institutionem
757 1039 804 1103 ait
814 1040 1001 1127 professum
1012 1040 1074 1118 XI,
1091 1063 1115 1119 r,
1133 1037 1163 1119 53
1174 1040 1256 1104 item

213 1147 454 1236 Hieronymus,
471 1146 506 1210 in
522 1146 715 1235 praefatione
729 1146 765 1208 in
774 1143 936 1225 dhdiam,
955 1145 1018 1209 XII
1037 1143 1139 1209 libros
1151 1145 1255 1210 Insti-

212 1255 351 1320 tutionis
360 1253 684 1342 ‘oratoriaeappellat
699 1253 823 1317 Confer
834 1269 993 1341 praeterea
1006 1253 1037 1331 l,
1058 1275 1086 1331 r,
1101 1272 1140 1340 93
1153 1254 1254 1331 VIII,

212 1376 353 1448 prooem.
363 1364 402 1438 '23
415 1361 494 1424 item
504 1361 582 1439 XII,
599 1382 648 1439 11,
667 1379 715 1423 12.
728 1357 768 1421 In
780 1355 885 1423 Codd.
898 1358 987 1422 MSS.
1001 1357 1083 1421 nihil
1094 1357 1253 1446 praesidii,

213 1465 376 1554 quoniam.
385 1463 738 1553 inscriptionibus‘fere
749 1479 861 1528 carent
872 1465 935 1527 nisi
947 1461 1040 1552 quod
1052 1463 1090 1526 in
1101 1464 1256 1528 Guelfer-

212 1567 336 1656 bytano
351 1566 393 1632 ad
405 1569 530 1634 calcem
543 1568 619 1632 libri
633 1568 732 1656 primi
744 1566 917 1656 subjicitur
926 1570 995 1631 aM.
1013 1568 1049 1632 F.
1064 1569 1104 1650 Q.
1120 1568 1255 1633 institu-

191 1673 346 1752 flaianum·
364 1674 590 1739 Oratoriarum
609 1672 652 1736 ad
670 1673 854 1736 Victorium
874 1673 1068 1745 Marcellum
1088 1672 1176 1737 liber
1189 1677 1256 1762 pri·

212 1782 297 1843 mus'·
310 1777 442 1869 explicit
459 1779 682 1867 (reliquorum
700 1778 792 1842 initia
811 1777 879 1841 sola
896 1778 1066 1864 signantur
1076 1778 1141 1842 sic:
1155 1781 1208 1842 M..
1218 1782 1253 1843 F.

213 1885 257 1966 Q.
268 1884 357 1950 liber
368 1887 414 1948 11.
425 1885 574 1972 insipit);
591 1883 626 1947 in
643 1881 788 1947 Gothani
802 1904 883 1946 vero
902 1882 997 1946 initio
1012 1900 1089 1947 sunt
1104 1882 1192 1948 haec:
1206 1887 1254 1949 M.

214 1990 250 2056 F.
274 1987 380 2070 Qsszde
402 1989 613 2052 Institutione
635 1986 775 2051 oratoria
795 1986 838 2050 ad
858 1985 1075 2076 Tryphonem
1097 1987 1264 2075 Epistola.-

212 2093 312 2183 Apud
319 2093 517 2158 Bandinium
525 2092 736 2158 Bibliothecae
744 2093 981 2170 Laurentiano,
994 2108 1015 2156 t.
1025 2093 1070 2173 ll,
1079 2115 1113 2181 p.
1125 2093 1253 2172 tor-85,

212 2198 365 2288 plerique
387 2197 493 2263 Codd.
514 2200 549 2264 in
571 2198 813 2288 subscriptione
832 2197 994 2287 pluralem
1007 2198 1020 2260 ε’
1035 2196 1259 2265 [antemnas

214 2301 294 2367 dure
306 2320 493 2390 narrantur.
521 2356 525 2363 .

257 2411 298 2472 In
309 2409 425 2476 liberie
436 2427 469 2476 et
482 2411 692 2475 matrimonio
703 2408 895 2492 Quintiliani
911 2407 1087 2474 difficultas
1102 2408 1256 2500 quaedan‘n

214 2513 379 2602 objicitur,
395 2514 438 2578 de
454 2516 587 2604 quaegi
602 2515 645 2594 ad
660 2516 724 2594 III,
744 2539 774 2593 1,
787 2536 838 2578 21.
854 2512 982 2577 Addam
989 2513 1131 2579 «hioloci
1144 2510 1256 2604 aliqua

212 2618 259 2681 ihi
269 2619 495 2700 praetermissa.
506 2621 580 2683 Non
590 2622 670 2684 san'e
679 2622 762 2707 opus
773 2634 822 2682 est
831 2635 869 2682 ut
877 2635 1024 2682 mutetur
1033 2642 1155 2683 nomen
1166 2619 1254 2708 ejus,

172 2741 178 2750 ’
212 2721 267 2785 eui
288 2721 511 2810 inscripta-est
531 2722 628 2789 Plinii
647 2723 783 2812 epistola
799 2722 856 2786 lib.
873 2725 940 2801 vl,
956 2724 1014 2802 32,
1035 2728 1139 2812 <prium
1157 2725 1255 2789 facile

211 2827 317 2914 possit
328 2827 466 2915 intelligi
479 2827 563 2893 alter
572 2827 809 2909 Quintilianus,
824 2851 843 2892 a
857 2845 970 2893 nostro
984 2829 1143 2916 scriptore
1156 2831 1255 2918 plone

212 2929 373 3006 diversus·
394 2935 467 2998 Hoc
485 2949 596 2997 tamen
613 2931 724 2998 adhtm
743 2949 858 3014 teneo,
879 2951 912 2998 et
929 2935 1004 2998 vitae
1021 2935 1255 3016 Quintilianeae

210 3037 355 3103 rationes
365 3035 490 3101 turbari
498 3036 661 3117 videntur,
672 3038 699 3102 si
708 3037 825 3103 alteras
835 3039 966 3126 nuptias
977 3054 1010 3102 et
1017 3055 1254 3127 susceptamen

211 3142 275 3215 isto
282 3142 601 3221 matrimoniofiliam
608 3146 961 3232 agnoscamusNeque
968 3144 1056 3206 enim
1066 3145 1253 3223 tamfaeile,

212 3273 312 3339 quam
324 3249 362 3314 fit
375 3273 394 3313 a
406 3249 504 3314 Baelio
515 3249 663 3339 (Bayle),
676 3250 889 3329 crediderim,
904 3251 1061 3330 Plinium,
1077 3251 1135 3315 ubi
1150 3267 1253 3317 tenue

209 3377 272 3444 pro
291 3355 358 3419 suis
377 3354 586 3421 facultatibus
603 3379 724 3421 munus
738 3357 935 3445 praeceptori
953 3378 1021 3420 suo.
1034 3357 1134 3420 offert
1150 3356 1257 3445 idque

210 3458 446 3525 oommendare
469 3459 599 3541 studet,
625 3463 772 3549 potuisse
798 3484 931 3525 omnem
957 3460 1138 3549 disciplinae
1165 3463 1255 3528 illius

211 3558 415 3632 mentionem
432 3567 593 3630 omittere.
611 3568 693 3648 Qnae
712 3566 754 3631 de
772 3565 894 3630 divitiis
910 3565 1052 3630 rhetoris
1066 3566 1171 3630 nostri
1187 3565 1253 3631 dis·

76 3721 85 3737 „
209 3687 369 3760 putantur
382 3670 532 3735 adillurn
545 3672 744 3752 locum,.ea,
760 3673 875 3750 fateor,
892 3670 976 3735 adeo
990 3687 1060 3734 tuta
1074 3694 1142 3735 non
1157 3689 1254 3750 sunt,

210 3798 310 3865 quam
324 3776 469 3862 primum
482 3775 689 3842 videbantur.
703 3778 883 3864 Postquam
897 3776 986 3839 enim
1000 3775 1147 3863 repetitis
1165 3776 1253 3839 auris
1287 3816 1290 3823 ·

208 3880 371 3970 perpendi
383 3881 525 3946 rationes
538 3880 779 3946 Dodwellianas
792 3879 932 3969 (quibus
945 3879 1031 3944 adde
1047 3901 1119 3968 quae
1137 3878 1256 3966 dispu-

206 4002 257 4059 tat
273 3983 447 4056 samnius
464 3989 579 4055 Exere.
595 3985 678 4053 Plin.
697 4008 732 4074 p.
752 3986 850 4072 320),
867 3985 1050 4075 praesertim
1068 3986 1102 4048 in
1118 3985 1193 4050 loco
1209 3983 1254 4048 de
