2648 4852
256 393 585 464 rusurrurrouts
604 394 731 460 ouer.
750 393 1022 464 econamum
1119 400 1156 478 41

131 540 223 592 emnt
242 520 368 593 eadem
388 517 523 617 aliqua,
546 518 657 591 multa
674 538 823 609 mutata,
843 518 994 618 plurima
1011 518 1162 622 adjecta,

132 633 242 706 omnia
257 661 340 706 vero
358 631 643 730 compositiora¹,
663 652 714 721 st,
735 659 841 734 quam
866 659 929 704 nos
952 633 1162 730 poterimus,
1207 666 1210 670 ·

133 745 306 818 elaborata.
315 747 624 818 Oratoremautem
632 744 949 818 instituimusillum
958 747 1163 845 perfectum,
1198 761 1217 814 9

135 860 268 957 quiesse
281 859 351 933 nisi
360 859 412 931 vir
424 858 539 930 bonus
553 884 625 930 non
640 879 760 957 potest.
775 859 928 958 Ideoque
942 885 1015 931 non
1027 859 1165 931 dicendi
1188 937 1193 950 ,

135 973 231 1051 modo
247 971 411 1047 eximiam
427 972 464 1043 in
479 998 521 1044 eo
535 971 756 1061 facultatem,
772 973 832 1045 sed
845 1000 968 1046 omnes
981 973 1091 1045 animi
1101 975 1165 1045 vir·

139 1108 212 1159 tutes
222 1087 404 1186 exigimus.
416 1088 538 1186 Neque
552 1086 648 1158 enim
659 1088 726 1159 hoc
740 1086 985 1174 concesserim,
997 1086 1165 1160 rationem
1187 1124 1218 1160 ιο

140 1221 222 1272 recte
235 1201 460 1299 honesteque
475 1201 550 1272 vitae
562 1202 621 1296 (ut
634 1201 777 1300 quidam
792 1203 1017 1301 putaverunt)
1032 1203 1077 1274 ad
1090 1201 1168 1301 phi-

140 1314 288 1414 losophos
301 1315 523 1413 relegandam
537 1342 544 1387 :
560 1342 673 1415 quum
687 1316 738 1387 vir
752 1314 810 1389 ille
825 1343 903 1388 vere
918 1316 1040 1406 civilis,
1054 1337 1088 1388 ct
1103 1343 1170 1415 pu·

140 1428 298 1502 blicarum
315 1430 594 1531 privatarumque
608 1456 725 1501 rerum
738 1429 1023 1502 administrationi
1034 1457 1167 1502 accom-

138 1545 306 1635 modatus,
320 1543 383 1644 qui
401 1570 522 1642 regere
542 1543 691 1617 consiliis
706 1543 828 1633 urbes,
848 1543 997 1616 fundare
1014 1543 1167 1641 legibus,

139 1659 315 1731 emendare
329 1656 470 1759 judiciis
489 1658 611 1756 possit,
629 1684 702 1730 non
716 1657 803 1731 alius
818 1657 861 1730 sit
874 1657 1045 1757 prolecto,
1060 1685 1167 1756 quam
1219 1689 1222 1695 ·
1272 1752 1275 1766 Ι

139 1794 249 1844 orator.
269 1773 408 1863 Quare,
423 1772 559 1845 tametsi
577 1800 634 1845 me
649 1774 759 1851 fateor
773 1799 920 1845 usurum
936 1771 1167 1871 quibusdam,
1189 1803 1217 1839 ιι

138 1913 204 1984 qua
221 1885 512 1985 pbilosophorum
529 1886 625 1959 libris
641 1887 877 1975 continentur,
898 1907 1016 1958 tamen
1033 1914 1074 1958 ea
1088 1887 1169 1988 jure

135 2028 276 2102 vereque
292 2003 532 2076 contenderim
549 2031 620 2076 esse
636 2003 748 2103 operis
764 2002 887 2092 nostri,
904 2003 1111 2102 proprieque
1125 2002 1170 2074 ad

135 2137 236 2188 artem
260 2116 443 2190 oratoriam
469 2117 651 2215 pertinere.
677 2120 752 2205 An,
777 2118 806 2188 si
827 2116 1102 2214 frequentissime
1126 2116 1168 2188 de
1190 2147 1220 2182 ιι

129 2228 272 2330 justitia,
289 2231 506 2321 fortitudine,
522 2231 766 2330 temperantia,
785 2231 981 2329 caeterisque
999 2230 1169 2305 similibus

133 2344 170 2416 sit
183 2344 444 2434 disserendum,
461 2365 495 2418 et
511 2345 615 2434 adeo,
632 2365 671 2416 ut
683 2345 739 2416 vix
755 2342 827 2416 ulla
840 2343 944 2443 possit
960 2369 1062 2415 causa
1075 2370 1170 2443 repe·

133 2458 201 2548 riri,
217 2457 255 2530 in
269 2485 376 2556 quam
388 2472 403 2504 ²
415 2484 488 2531 non
500 2457 616 2559 aliqua
627 2458 768 2558 quaestio
782 2484 823 2529 ex
836 2457 890 2530 his
901 2457 1045 2547 incidat,
1060 2483 1168 2555 eaque

132 2573 250 2644 omnia
261 2572 459 2645 inventione
473 2593 575 2672 atque
590 2572 783 2646 elocutione
794 2571 864 2644 sint
874 2570 1093 2669 explicanda:
1108 2572 1169 2643 du·

133 2686 306 2778 bitabitur,
322 2686 524 2787 ubicunque
538 2687 587 2759 vis
598 2687 729 2786 ingenii
746 2708 780 2760 et
794 2686 898 2786 copia,
905 2685 1042 2759 dicendi
1055 2708 1169 2786 postu·

131 2798 230 2892 latur,
254 2800 303 2872 ibi
324 2822 436 2898 partes
457 2800 597 2873 oratoris
620 2828 691 2874 esse
714 2799 924 2900 precipuas?
945 2803 1169 2900 Fueruntque
1192 2818 1221 2870 rs

132 2915 221 3004 lraec,
241 2935 281 2986 ut
301 2915 423 2986 Cicero
437 2912 452 2959 ³
467 2914 678 3014 apertissime
701 2913 847 3013 colligit,
867 2913 1169 3014 quemadmodum

129 3028 251 3129 juncta
272 3050 416 3119 natura,
439 3029 487 3101 sic
508 3031 624 3101 officio
644 3056 785 3129 quoque
806 3028 983 3127 copulata,
1002 3047 1041 3098 ut
1062 3027 1169 3099 iidem

132 3145 299 3244 sapientes
311 3165 413 3244 atque
428 3144 627 3243 eloquentes
641 3144 862 3215 haberentur.
879 3140 985 3213 Scidit
998 3138 1123 3212 deinde
1135 3167 1170 3212 se

133 3259 303 3348 studium,
318 3279 420 3357 atque
432 3258 554 3329 inertia
564 3256 581 3319 l
591 3258 723 3328 factum
736 3278 801 3346 est,
816 3276 854 3327 ut
867 3275 954 3326 artes
968 3280 1039 3327 esse
1055 3253 1171 3353 plures

133 3367 1170 3469 viderentur⁵.Namutprimumlinguaessecoepitiuquoestn,

123 3581 125 3590 ·
170 3567 192 3600 ι.
217 3548 411 3621 compositiora.
435 3549 483 3600 llic
506 3547 540 3600 de
565 3548 631 3614 illa,
675 3546 735 3600 edd.
744 3548 1019 3620 quaruntestetllusc.
1030 3559 1172 3617 postquam

135 3645 211 3696 qnam
230 3639 294 3698 post
313 3626 369 3678 baec
387 3625 509 3678 tractabit
527 3625 561 3701 (l.
579 3629 630 3692 lX,
674 3623 1170 3696 Locatelli1493rectedederatquam.

135 3723 156 3756 c.
174 3705 222 3776 4),
240 3706 438 3778 compositione,
458 3723 504 3757 seu
520 3725 630 3757 numero
710 3707 735 3757 3.
750 3705 843 3758 Cicero.
856 3707 896 3758 De
907 3707 1033 3768 Oratore,
1046 3701 1114 3754 libro
1125 3704 1172 3765 lll,

136 3784 631 3854 oratorio,nonestcogitandum.Com-
674 3786 760 3854 capite
776 3783 815 3835 15.

136 3864 253 3934 peritiora
272 3877 334 3915 sunt
351 3864 433 3932 magis
452 3863 587 3929 ordinata,
602 3866 631 3915 in
709 3862 735 3927 4.
746 3862 843 3913 laertia
845 3861 977 3933 factum...
987 3870 1094 3910 utartes.
1103 3859 1173 3910 Con-

137 3957 379 4013 nnamaecompagem
392 3944 538 3993 commissa.
675 3940 745 3991 sulto
753 3959 815 3992 sane
823 3940 884 3991 lusit
893 3942 919 3991 in
930 3939 980 3990 bac
991 3938 1170 3989 alliterationc.

171 4019 629 4093 2.Inqtcam.Gotlr.,non,utGesn.
711 4019 735 4070 5.
756 4019 917 4072 Viderentur.
937 4016 1092 4066 Judicentur
1110 4032 1171 4064 eum

138 4098 184 4166 ait,
201 4117 277 4172 quse,
297 4098 345 4152 sed
362 4116 430 4169 qua,
449 4116 510 4150 cum
530 4098 631 4169 aliquot
674 4097 754 4152 Goth.
765 4095 898 4151 etBotllei.
910 4096 988 4146 etiarn
995 4092 1081 4143 Gusll'.
1094 4091 1171 4144 mals.
