2648 4852
465 353 723 433 ruarmo.
1052 359 1117 450 xvij

73 479 130 571 (P.
148 476 294 569 Dmor)
314 475 493 550 mirabilis
513 478 693 551 industria
709 477 963 552 characterum
981 479 1119 555 formas

73 609 105 663 et
127 609 294 666 caeteram
316 598 401 666 artis
425 620 500 667 suae
521 594 783 694 supellectilem
806 600 855 667 ita
877 596 1057 696 disponit,
1079 586 1121 671 ut

72 724 227 806 angusto
244 713 362 806 spatio
378 735 552 808 magnam
567 711 765 782 verborum
784 716 857 783 vim
876 714 1015 810 egregie
1031 700 1122 784 conss

72 821 207 894 trahat:
223 824 322 896 idern
335 829 402 896 erit
415 825 462 895 de
474 826 711 924 sequentibus
724 825 946 918 Quintiliani
957 829 1095 899 Tomis.
1109 820 1114 828 ’

118 941 230 1011 Nunc
249 939 322 1012 alia
342 944 519 1038 gravioris
537 946 717 1012 momenti
740 958 791 1029 te,
813 946 944 1014 Lector
964 942 1121 1030 erudite,

73 1056 260 1124 monitum
277 1053 385 1127 volo:
403 1053 518 1153 hujus
537 1054 772 1128 Collectionis
789 1081 871 1127 vere
887 1055 1124 1136 Classicaedi·

75 1165 332 1266 ligentissimus
346 1187 488 1259 auctor,
504 1175 570 1269 qui
587 1169 681 1242 nihil
699 1185 822 1243 actum
840 1170 972 1260 credit,
987 1176 1015 1242 si
1032 1171 1125 1270 quid

74 1286 277 1380 pretiosum
291 1301 356 1355 aut
372 1285 555 1356 ineditum
572 1284 674 1356 hunc
693 1284 809 1385 fugit,
827 1284 930 1384 quod
947 1284 994 1355 ad
1012 1311 1124 1358 suum

75 1394 189 1467 linem
216 1397 388 1495 prodesse
402 1417 545 1497 queat,
569 1403 793 1471 immensum
820 1425 935 1498 prope
960 1400 1125 1473 laborem

75 1511 252 1610 singulari
272 1513 441 1611 doctrina
455 1530 490 1585 et
506 1514 690 1586 diuturnis
708 1513 1049 1588 elucubrationibus
1065 1540 1127 1586 ex-

77 1625 250 1697 sudatum
278 1626 324 1698 de
347 1626 570 1721 Quintiliani
594 1632 736 1727 integro
763 1645 862 1700 textu
886 1632 1122 1728 comparavit.

76 1734 192 1812 Nemo
203 1739 276 1813 luit
287 1746 461 1842 tanusper
471 1746 512 1814 in
522 1745 745 1816 Pamsiansis
756 1745 1043 1817 Unrvansirarrs
1055 1759 1126 1815 sta-

78 1853 137 1926 dio
152 1872 332 1947 versatus,
349 1874 503 1929 exeunte
514 1864 683 1957 proximo
696 1858 820 1932 seculo
830 1915 840 1947 ,
852 1863 917 1957 qui
930 1884 1008 1930 non
1021 1880 1127 1930 nove

77 1975 121 2051 rit
131 1971 414 2045 celeberrimum
424 1972 619 2047 rhetorices
630 1973 888 2073 professorem,
901 1976 944 2044 D.
957 1975 1126 2061 V1cAtnE,

79 2091 180 2158 omni
196 2087 416 2159 eruditionis
435 2114 583 2187 genere,
601 2094 761 2187 ingenua
779 2114 928 2160 morum
948 2079 1127 2186 simplici-¹

80 2216 166 2291 tate,
189 2218 224 2273 et
247 2203 365 2301 rigida
384 2201 597 2275 officiorum
620 2204 879 2302 religionisque
900 2202 1128 2274 observantia
1154 2281 1158 2290 ¹

81 2315 430 2388 commendabilem:
447 2316 674 2417 quiquidem
689 2333 812 2390 orator
826 2319 997 2404 eximius,
1008 2341 1128 2413 quum

82 2455 256 2529 pompam
271 2447 306 2502 et
319 2446 513 2530 apparatus
527 2430 762 2530 splendorem
774 2434 1002 2529 requirerent
1013 2428 1129 2502 solen·

83 2569 140 2617 nes
161 2543 341 2619 festorum
362 2548 669 2620 Academicorum
691 2551 908 2635 conciones,
930 2547 1022 2618 adeo
1041 2572 1127 2618 curn

84 2659 281 2737 verborum
299 2666 547 2734 concinnitate
568 2666 829 2734 sententiarum
848 2660 1130 2735 accommodare

85 2778 310 2871 gravitatem,
328 2801 529 2875 omnesque
549 2776 734 2848 latinitatis
753 2775 861 2848 llores
875 2775 1037 2847 delibare
1055 2772 1131 2846 cal-

85 2887 168 2979 luit,
182 2906 227 2962 ut
238 2947 247 2980 ,
258 2891 364 2990 quod
379 2896 538 2991 antiquis
552 2892 784 2990 peculiariter
796 2906 1019 2963 reservatum
1033 2889 1130 2960 vide·

86 3001 202 3094 batur,
217 3004 405 3103 decerptos
419 3032 461 3078 ex
478 3005 576 3079 illius
590 3010 731 3105 scriptis
745 3005 846 3078 locos
863 3009 901 3076 in
916 2995 1132 3075 scholarum

86 3104 301 3219 exemplaria
314 3125 476 3220 magistri
492 3137 751 3219 proponerent.
766 3121 840 3190 Nec
854 3122 1038 3189 minorem
1053 3116 1133 3215 glo-

87 3236 145 3305 riae
161 3234 314 3306 titulum
331 3239 363 3307 ei
378 3235 536 3307 contulit
551 3236 692 3307 editum
711 3234 888 3306 volumen
906 3233 952 3304 de
970 3234 1007 3308 V
1004 3232 1132 3331 irpilia·

87 3373 129 3418 aa
146 3349 311 3421 AEneidos
328 3349 481 3448 analysi5
497 3355 574 3437 cui,
590 3369 632 3420 ut
650 3349 820 3420 ultimam
834 3351 1040 3445 imponeret
1054 3372 1133 3417 ma-

89 3479 194 3552 num,
209 3462 257 3534 ad
271 3469 443 3562 antiquos
460 3479 494 3534 et
510 3464 715 3536 uberrimos
734 3462 852 3533 fontes
866 3460 1135 3534 recurrendum

89 3573 170 3666 fuit,
185 3577 288 3649 unde
299 3593 352 3649 tot
364 3594 398 3649 et
413 3594 527 3649 tantas
542 3603 627 3675 opes
640 3575 809 3648 hauserat
819 3575 1005 3674 Virgilius.
1016 3576 1133 3663 Tum,

90 3707 281 3792 postquam
294 3693 442 3790 Dictyos
455 3694 633 3764 Cretensis
648 3689 831 3778 historias,
844 3692 996 3761 Homeri
1007 3690 1136 3760 Hesio·

92 3803 196 3903 dique
205 3809 386 3896 carmina,
402 3811 667 3905 scriptoresque
683 3830 810 3877 omncs
824 3804 976 3892 evolvit,
991 3809 1057 3902 qui
1073 3829 1134 3874 ve-

92 3932 202 4014 terem*
228 3921 378 3994 Graeeiae
408 3937 443 3993 et
470 3920 582 3993 ltaliae
606 3926 823 3994 memoriam
853 3923 1001 3991 scrutati
1027 3934 1133 4007 sunt,

93 4031 301 4117 absolutum
316 4036 430 4111 edidit
442 4050 554 4137 opus,
572 4035 675 4142 quod
691 4061 770 4109 non
784 4035 899 4107 modo
917 4039 957 4106 in
971 4032 1134 4144 fructum

196 4145 219 4206 r.
781 4150 783 4154 '
980 4149 995 4198 b
