2648 4852
230 381 268 448 16
457 379 632 445 GEORG.
656 378 765 444 LUD.
789 378 1026 445 SPALDING

223 506 269 584 is,
283 503 340 594 qui
356 519 480 582 narrat,
497 502 642 591 Angelus
660 502 839 569 Politianus
853 500 1141 567 Miscellaneorum
1155 498 1264 588 capite

227 610 283 689 23,
298 632 331 698 p.
347 608 399 673 36.
413 611 485 674 Fac.
499 608 592 672 Grut.
605 606 670 671 vol.
684 609 710 672 l.
725 609 774 672 lta
784 607 861 672 satis
874 607 911 671 fit
922 605 1092 696 probabile
1105 604 1264 671 Codicem

221 731 375 781 'nostrum
391 737 412 778 a
429 713 620 778 doctissimo
639 711 704 778 hoc
721 712 793 778 viro
812 713 913 778 fuisse
927 727 1094 791 curatum,
1113 734 1181 801 qno
1195 733 1266 776 nou

114 843 117 849 ’
224 842 326 909 parva
346 819 409 906 ipsi
427 815 556 883 accedit
573 817 766 897 auctoritas,
790 818 826 882 in
846 839 967 906 magno
985 817 1168 906 pracsertim
1187 809 1284 882 cum'

224 949 266 990 eo
280 927 421 992 aliorum
432 926 520 1012 frugi
531 923 693 990 Codicum
706 947 879 991 consensu.
889 926 987 991 Visus
998 921 1087 990 enim
1096 946 1171 988 sum
1182 923 1266 989 mihi

222 1030 401 1119 plurimam
419 1029 669 1119 Guelferbytani
687 1030 926 1118 primumcum
945 1029 1102 1094 Beruensi
1118 1027 1265 1094 animad-

223 1148 353 1200 vertere
362 1135 641 1215 convenientiam,
652 1132 774 1200 deinde
784 1136 884 1201 etiam
893 1158 969 1200 cum
980 1135 1146 1199 Vossianis
1156 1134 1267 1224 primo

224 1257 258 1307 et
267 1241 374 1306 tertio.
387 1239 546 1328 Exemplo
558 1255 636 1304 sunt
647 1240 817 1329 scripturae
827 1239 922 1306 valde
931 1237 1097 1306 mirabiles
1108 1241 1174 1320 111,
1185 1231 1217 1320 8,'
1230 1242 1265 1322 4,

224 1346 284 1419 ubi
296 1347 330 1410 in
344 1345 434 1412 hisce
447 1362 590 1434 quatuor
603 1345 681 1411 solis
684 1346 748 1431 fas
762 1362 812 1411 est
825 1369 887 1435 pro
898 1370 972 1423 eas,
984 1349 1064 1411 item
1078 1342 1107 1436 ς.
1127 1367 1179 1426 12,
1191 1367 1268 1432 pos·

225 1449 366 1517 nolendo
387 1473 449 1540 pro
469 1451 621 1537 postolat.
644 1453 714 1516 Hos
734 1474 796 1540 ego
819 1450 921 1517 libros
945 1475 963 1517 e
985 1450 1271 1541 praestantioribus

229 1556 386 1646 exemplis
402 1557 615 1645 transcriptos
635 1556 801 1636 existimo,
817 1579 916 1646 quam
935 1556 1125 1622 Gothauum
1141 1572 1174 1621 et
1185 1557 1273 1623 Vos*

229 1663 357 1728 sianum
373 1661 568 1728 secundum.
585 1661 668 1726 Sunt
682 1662 771 1726 enim
785 1663 855 1726 fere
870 1684 986 1727 eorum
1000 1663 1171 1750 scripturae
1187 1660 1271 1726 doc-

228 1770 347 1848 tiores,
366 1767 585 1846 difficiliores,
607 1766 752 1856 denique
771 1767 867 1847 tales,
883 1790 957 1856 quae
978 1783 1198 1833 correctorem
1218 1788 1269 1832 re·

229 1874 384 1940 certioris
405 1874 466 1938 aevi
486 1872 595 1938 minus
613 1888 760 1958 arguant.
781 1873 893 1954 Quunl
907 1871 977 1961 jam
996 1895 1130 1937 omnem
1147 1871 1286 1936 horum·

229 1980 391 2047 Codicum
403 1980 594 2044 varietatem
608 1978 858 2068 excerpsissem‚
877 1980 961 2044 Pacta
979 1979 1062 2044 mihi
1081 1995 1131 2044 est
1148 1979 1272 2044 iterum

229 2108 291 2175 per
303 2085 464 2152 Wolfium
482 2086 578 2173 copia
594 2083 671 2148 libri
688 2083 876 2174 cujusdam,
892 2085 949 2175 qui
963 2083 1096 2157 videtur
1112 2079 1271 2174 antiquis-⁶

230 2191 321 2257 simis
334 2189 569 2256 accensendus.
589 2189 681 2254 Misit
697 2191 785 2254 enim
798 2188 840 2254 ad
855 2213 909 2255 me
922 2212 984 2278 pro
999 2213 1054 2269 ea,
1071 2212 1137 2278 qua
1152 2188 1272 2255 studiis

230 2297 313 2365 meis
330 2297 435 2376 favet,
454 2295 686 2361 benevolentia
704 2295 914 2361 collationem
929 2296 1056 2385 aliquot
1072 2293 1234 2359 librorum
1252 2316 1271 2358 e

231 2397 353 2469 Codice
365 2404 400 2467 in
411 2403 585 2467 Turieensi
593 2401 794 2467 bibliotheca
806 2403 967 2491 reposito,
980 2402 1060 2468 olim
1072 2417 1218 2468 curatam
1229 2399 1272 2465 ab

231 2509 418 2574 amicosuo
440 2524 473 2572 et
493 2504 644 2571 auditore
666 2506 881 2595 Sulzbergero
902 2509 942 2572 V.
964 2510 1011 2572 R:
1024 2523 1154 2596 pastore
1174 2506 1272 2571 Turi·

231 2613 338 2692 censi,
353 2610 556 2701 significans,
571 2633 606 2676 se
618 2610 737 2700 reliqui
750 2612 859 2700 operis
870 2612 1061 2678 varietatem
1070 2635 1109 2677 ex
1120 2611 1185 2677 hoc
1197 2612 1271 2700 ipso

231 2714 437 2795 libroflmibh
462 2716 490 2781 si
509 2713 691 2794 videretur,
718 2717 979 2805 impetraturum.
1004 2720 1087 2799 Quae
1109 2716 1272 2804 promissa

231 2846 336 2913 quum
358 2819 573 2886 vehementer
594 2821 824 2909 amplecterer,
850 2822 1037 2887 conciliavit
1058 2819 1141 2885 mihi
1161 2821 1271 2886 virum

231 2927 518 3006 humanissimum,
531 2948 631 3016 quem
641 2927 765 3015 ingenii
775 2943 808 2992 et
817 2926 975 2993 doctrinae
986 2926 1159 3015 elegantia,
1168 2924 1271 2990 animi

231 3052 342 3100 autem
357 3049 390 3098 et
403 3031 561 3099 suavitate
573 3049 606 3098 et
619 3032 764 3098 candore
776 3031 1135 3098 commendatissimum
1147 3029 1202 3095 hic
1215 3025 1271 3096 co'·

232 3163 302 3205 ram
320 3161 595 3227 cognovemmus‚
615 3138 780 3218 Ulricum‚
802 3140 1024 3227 professorem
1041 3137 1268 3203 Turioensem.

134 3296 141 3316 ,-
232 3246 296 3311 Hie
310 3261 344 3308 et
356 3241 572 3311 celeberrimo
583 3244 690 3308 amico
703 3267 764 3308 suo
781 3259 814 3308 et
826 3267 902 3309 meo
915 3242 1108 3327 Quintiliani
1122 3242 1189 3307 mei
1203 3257 1270 3308 stu·

233 3350 289 3414 dio
303 3348 367 3415 hoc
381 3346 490 3428 dedit,
510 3365 547 3413 ut
566 3348 740 3437 diligenter
755 3349 915 3415 notandas
930 3374 969 3414 ex
986 3348 1051 3416 hoc
1065 3347 1188 3414 Codice
1201 3346 1273 3414 siri-⁴

233 3455 324 3543 gulas
343 3455 511 3542 scripturae
529 3454 701 3520 varietates
719 3457 896 3544 reciperet,
913 3479 1055 3545 quorum
1073 3445 1283 3542 primitias'a.

232 3561 329 3625 tertio
341 3558 383 3624 ad
393 3561 500 3649 quinti
511 3558 586 3624 libri
599 3559 699 3624 finem
710 3583 816 3650 usque
825 3560 868 3626 ad
877 3584 931 3625 me
941 3558 1117 3625 mittendas
1129 3560 1269 3638 curavit,

233 3689 300 3754 quo
315 3665 349 3728 in
363 3686 501 3753 genere,
515 3686 617 3753 quum
632 3666 717 3730 forte
728 3666 872 3756 aliquam
885 3665 1161 3754 Sulzbergerianae
1173 3665 1272 3730 colla·

232 3773 331 3844 tionis
352 3789 478 3860 partem
496 3773 704 3861 repetiissent
719 3775 759 3853 ii,
774 3773 894 3864 quihus
911 3771 1184 3867 hocmandatum
1203 3788 1268 3850 est,

231 3877 431 3943 ornatissimi
447 3877 603 3968 juvenes,
624 3879 722 3961 levis,
745 3880 803 3946 sed
824 3904 913 3959 rara,
935 3880 1087 3969 apparuit
1105 3894 1271 3965 excerpta·

231 4003 307 4054 rum
318 3981 750 4073 varietatum'discrepa'ntia.
766 3985 874 4076 Hujus
888 3985 988 4073 igitur
1000 3983 1076 4049 libri
1092 3999 1126 4048 et
1139 3981 1271 4049 Codicis
