2648 4852
534 402 791 500 suarm-10.
1160 398 1180 471 t

132 544 303 600 ‘vetustam
322 526 493 621 appellare
515 547 549 596 et
573 551 699 618 cascem
722 549 791 618 prae
811 510 1005 610 Quintilialri
1028 523 1180 594 rhetoris.

144 637 252 702 Habes
268 638 375 716 enim,
395 634 512 701 utboc
524 651 607 714 utar,
622 635 721 699 etiam
737 647 898 698 aruratuu
915 632 949 696 in
964 630 1076 720 lapide
1087 631 1181 720 Capi·

142 743 255 810 tolino.
266 745 312 809 Et
322 742 482 810 credibile
494 759 558 822 est,
574 743 602 808 si
616 740 697 832 quid
709 739 875 831 lapidibus
887 737 1077 816 inciderint,
1090 761 1183 804 rrum·

131 850 245 920 1misve
264 850 464 914 incusserint
481 847 523 913 ad
541 848 715 937 antiquum
733 868 877 926 morem,
898 867 967 909 non
987 843 1127 932 perinde
1147 844 1182 908 in

112 960 116 966 '
143 954 294 1019 familiari
308 970 374 1020 usn
389 954 533 1033 trivisse,
552 953 616 1017 nisi
632 951 718 1016 forte
730 952 805 1040 quis
818 965 905 1016 esset
920 948 1090 1014 Geroniani
1104 946 1183 1012 hor·

143 1061 223 1125 roris
238 1060 400 1125 curiosus.
410 1059 539 1124 Vellem
554 1072 714 1122 servatam
730 1078 802 1122 esse
819 1056 980 1149 integram
997 1052 1183 1141 inscriptio·

144 1187 231 1245 nem,
253 1187 355 1254 quarn
372 1164 504 1230 exhibet
520 1162 691 1228 Reinesius
707 1184 781 1252 pag.
801 1159 875 1242 154,
892 1181 967 1250 quae
981 1181 1086 1248 quum
1099 1158 1183 1222 rele-

143 1268 244 1334 renda
262 1270 306 1335 sit
322 1269 366 1335 ad
381 1252 537 1358 Caligulae
555 1286 721 1357 tempora,
742 1287 932 1357 expressum
948 1266 983 1329 in
1003 1287 1040 1329 ea
1059 1284 1183 1328 nomen

142 1376 244 1463 magis
258 1377 383 1441 laceret
397 1374 440 1440 ad
455 1376 649 1464 scriptorem
664 1389 831 1451 nostrum3
849 1371 910 1436 etsi
927 1392 971 1434 ne
984 1370 1031 1434 sic
1048 1366 1184 1457 quidem

141 1481 328 1546 confectam
339 1503 410 1545 rem
422 1480 632 1546 haberemus:
646 1477 711 1544 Sed
725 1477 771 1542 ibi
785 1476 1038 1542 nonnisi-auo
1051 1472 1183 1561 conspi-

142 1585 236 1664 citur,
248 1607 449 1675 quamquam
462 1601 511 1651 est
520 1584 689 1649 verissima
700 1583 844 1647 lleinesii
856 1580 1060 1672 conjectura,
1072 1601 1185 1666 agnos·

143 1691 245 1757 centis
267 1691 440 1756 consulem
457 1690 697 1772 Quintilianum
716 1710 735 1752 e
751 1688 921 1753 Frontino.
939 1687 1103 1752 Caeterum
1119 1685 1183 1749 fre·

143 1798 357 1886 quentissima
373 1815 450 1862 suut
463 1796 552 1886 apud
567 1798 746 1862 Gruterum
760 1812 793 1860 et
804 1794 1023 1859 Muratorium
1036 1791 1185 1880 exempla

143 1903 286 1968 nominis
311 1902 411 1994 hujus
433 1903 542 1967 littera
568 1903 594 1966 C
618 1901 768 1967 carentis.
797 1903 879 1982 Quae
905 1922 1009 1990 quum
1033 1897 1185 1962 rideatur

142 2008 307 2072 recentior
321 2025 354 2072 et
368 2006 410 2072 ad
424 2008 750 2096 pronunciationem,
766 2003 864 2072 etiarn
878 2023 1041 2085 veterem,
1054 2027 1185 2070 accom-

131 2111 309 2177 modatior
323 2114 500 2202 scriptura,
518 2113 628 2177 nullus
645 2110 762 2177 dubito
779 2111 859 2200 quin
875 2110 917 2174 ab
933 2111 1010 2206 ipso
1024 2110 1185 2208 scriptore

104 2239 105 2244 ¹
131 2218 256 2282 'nostm
272 2219 374 2282 fuerit
387 2235 552 2307 usurpata.
572 2219 620 2281 lta
632 2234 669 2281 ut
683 2217 838 2296 sentiam,
856 2233 967 2280 movet
978 2237 1032 2279 me
1044 2215 1186 2302 singula·

142 2321 184 2385 ris
194 2320 342 2387 hominis
354 2323 473 2387 sanitas
486 2340 520 2388 et
532 2322 691 2388 sobrietas
703 2321 745 2386 ab
758 2321 848 2385 omni
861 2320 1072 2385 affectatione
1084 2342 1185 2408 quam

141 2427 282 2492 maxime
296 2425 514 2493 abhorrentis.
526 2427 613 2492 Vide
627 2426 709 2490 mihi
718 2426 832 2519 'qualia
844 2426 1012 2516 praecipiat
1024 2427 1055 2503 l,
1071 2424 1109 2504 6,
1124 2427 1182 2506 do,

144 2533 199 2612 4¹3
217 2534 268 2611 ll,
285 2531 321 2612 5,
335 2554 391 2613 nr,
407 2549 456 2612 et,
471 2533 628 2622 quoniam
642 2532 859 2597 versamur-iu
876 2529 1120 2620 orthographiae
1135 2551 1183 2593 ra·

134 2637 247 2718 tione,
258 2639 411 2728 inprimis
422 2643 452 2719 1,
464 2641 593 2727 integro
605 2640 711 2729 capite
723 2663 752 2727 7.
765 2639 797 2704 si
811 2637 932 2727 duplex
943 2639 1006 2702 fuit
1018 2635 1184 2703 scribendi

142 2764 226 2821 mos,
237 2743 296 2832 qui
305 2743 360 2808 rel
368 2743 411 2808 ad
422 2761 556 2834 etymon
569 2760 602 2808 et
613 2743 879 2833 antiquissimum
891 2759 1182 2808 usumessetcom-
1207 2733 1212 2745 ’
1290 2765 1295 2776 ¹

144 2848 279 2935 positus,
289 2850 586 2936 etusurpareturin
594 2847 799 2913 sollennibus
808 2845 972 2913 foederum
983 2846 1184 2913 carminibus
1284 2840 1286 2845 ’

135 2969 503 3042 monumentorumque
522 2954 642 3033 titulis,
658 2953 712 3017 vel
728 2954 762 3016 in
779 2975 932 3018 sermone
950 2953 1102 3017 familiari
1118 2953 1182 3016 fre·

144 3075 376 3147 quentar'etur3
398 3058 463 3125 hoc
483 3062 634 3148 profecto
658 3077 708 3125 est
727 3081 806 3124 usus
829 3061 863 3123 iu
886 3058 1062 3127 scribendo
1084 3059 1183 3125 etiam

143 3152 279 3228 nomine
293 3188 355 3230 suo
370 3169 417 3230 M.
435 3166 564 3230 Fabius.
579 3169 698 3255 Neque
715 3184 797 3245 erat,
815 3182 913 3254 puto,
927 3164 1019 3255 quod
1033 3164 1183 3230 nobilita·

142 3284 207 3333 tem
222 3268 419 3360 quamdam,
438 3271 626 3342 Lamiarum
640 3270 808 3349 aemulam,
827 3272 860 3334 in
875 3270 1018 3334 nominis
1032 3269 1183 3358 signandi

142 3375 267 3439 ratione
287 3372 494 3455 vindicaret,
508 3376 665 3464 quoniam
686 3376 757 3464 ejus
777 3377 825 3439 rei
844 3375 946 3463 gratia
963 3373 1065 3440 hodie
1084 3375 1183 3440 etiarn

143 3475 175 3541 in
199 3469 391 3566 vulgaribus
413 3481 534 3567 linguis
558 3496 768 3568 praeposterae
790 3497 823 3544 et
843 3479 987 3545 horridae
1007 3481 1182 3545 nominum

146 3583 313 3671 scripturae
326 3584 525 3664 retinentur,
542 3607 616 3674 quae
632 3605 745 3664 causa,
759 3585 840 3674 qnin
856 3584 946 3673 apud
961 3584 1132 3666 Quinctios
1149 3601 1183 3649 et

139 3687 338 3768 'Quinctilios
356 3688 512 3767 valuerit,
530 3689 686 3779 equidem
707 3712 775 3754 nou
794 3709 995 3779 magnopere
1014 3712 1182 3778 repugn03
1244 3700 1247 3704 ’

147 3791 199 3855 aed
209 3793 488 3874 Quintilianorum
496 3793 559 3859 ¹alia
570 3812 618 3860 est
628 3794 785 3860 conditio.
797 3797 876 3860 Haec
885 3794 1058 3876 hactenns,
1071 3817 1182 3884 neque

148 3915 261 3962 excuso
277 3897 480 3985 diligentiam
494 3899 528 3964 in
542 3900 709 3989 scriptoris
722 3900 789 3964 mci
802 3900 937 3964 nomine
949 3899 1182 3965 constituendo

149 3998 280 4070 lortasse
305 4027 374 4069 nnn
397 4005 543 4073 nimiam.
564 4003 705 4089 Quando
729 4021 840 4074 autem
863 4025 972 4072 sermo
997 4005 1111 4072 incidit
1139 4003 1182 4072 de
