2648 4852
238 414 279 482 as
384 408 430 480 n.
452 411 540 478 aaa.
560 411 873 496 Qurnrnrmus
891 413 1123 480 anruom.

235 564 331 627 ram,
348 535 425 636 jam
445 535 598 607 emittere
620 535 820 632 inciperem.
842 537 933 606 Nam
951 534 1022 633 ipse
1039 563 1097 609 eos
1109 537 1272 609 nondum

181 679 188 692 ·
234 651 322 723 satis.
336 649 503 748 opinabar
527 648 753 722 maturuisse:
780 649 908 747 quibus
931 650 1202 749 componendis,
1224 652 1274 723 uti

234 765 320 854 scis,
342 762 447 861 paulo
464 761 666 860 plusquam
684 761 891 852 biennium,
914 782 964 833 tot
984 763 1112 861 alioqui
1130 764 1276 863 negotiis

234 877 418 966 districtus,
429 876 601 974 impendi:
612 876 706 974 quod
715 896 853 974 tempus
863 901 936 947 non
945 896 1016 948 tam
1026 876 1113 975 stylo
1125 891 1134 921 ¹
1145 935 1155 967 ,
1168 905 1273 976 quam

234 990 446 1090 inquisitioni
467 988 610 1061 instituti
632 989 743 1087 operis
763 1015 871 1087 prope
886 989 1042 1080 infiniti,
1066 1011 1100 1063 et
1120 990 1277 1088 legendis

199 1105 449 1193 sanctoribus,
466 1104 526 1201 qui
546 1124 627 1175 sunt
647 1103 938 1195 innumerabiles,
961 1104 1081 1176 datum
1102 1125 1163 1176 est.
1185 1109 1277 1177 Usus

233 1218 359 1292 deinde
374 1217 507 1289 Horatii
524 1215 687 1308 consilio,
703 1218 764 1316 qui
780 1217 817 1289 in
834 1239 905 1291 arte
922 1218 1056 1317 poetica
1072 1220 1212 1310 suadet,
1230 1246 1277 1291 ne

232 1332 463 1432 praecipitetur
478 1330 600 1424 editio,

340 1503 420 1516 .....
429 1468 583 1534 nonumque
594 1476 728 1534 prematur
741 1466 769 1516 in
781 1482 881 1517 annum
892 1465 921 1532 ³,

233 1567 360 1640 dabam
375 1566 415 1637 iis
431 1566 562 1658 otium,
579 1587 619 1639 ut
634 1567 830 1666 refrigerato
847 1568 1054 1640 inventionis
1071 1595 1207 1660 amore,
1225 1571 1276 1642 di-

197 1691 214 1747 3
232 1681 393 1784 ligantias
408 1679 565 1778 repetitos
577 1700 757 1778 tamquam
769 1681 876 1753 lector
886 1681 1151 1780 perpenderem.
1164 1683 1232 1754 Sed
1246 1686 1274 1755 si

231 1816 408 1892 tantopere
423 1792 665 1892 efflagitantur,
680 1817 786 1892 quam
799 1815 836 1867 tu
848 1796 1020 1886 affirmas,
1033 1795 1273 1894 permittamus

231 1909 306 1981 vela
317 1907 444 1997 ventis,
459 1928 493 1979 et
509 1934 605 1979 oram
620 1906 854 1983 solventibus³
867 1907 957 1980 bene
974 1929 1169 2008 precemur.
1182 1910 1274 1983 Mul·

230 2044 307 2096 tum
317 2042 434 2093 autem
447 2021 484 2091 in
496 2041 555 2092 tua
566 2018 706 2120 quoque
719 2021 787 2093 fide
799 2049 839 2094 ac
852 2022 1030 2120 diligentia
1042 2023 1193 2121 positum
1207 2045 1271 2116 est,

231 2135 320 2209 utin
331 2161 457 2206 manus
468 2134 656 2207 hominum
669 2128 776 2234 quam
791 2136 1061 2210 emendatissimi
1072 2138 1223 2210 veniant.
1307 2139 1310 2143 ’

269 2301 620 2375 r.Stylo.Scribendilabori
626 2303 666 2355 De
675 2322 731 2356 ora·
774 2304 792 2356 l.
806 2307 851 2372 lv,
865 2322 889 2357 c.
905 2322 937 2372 a,
954 2303 976 2374 ς.
990 2304 1040 2372 41,
1052 2303 1175 2359 solvimus
1185 2323 1271 2372 omn,

230 2381 728 2452 tionisindoleenimnoncogitandum.
774 2400 861 2452 neque
881 2381 921 2435 ibi
942 2381 1087 2454 quidquam
1104 2387 1220 2436 variatur
1239 2384 1273 2438 ab

267 2482 291 2517 a.
302 2463 336 2513 In
346 2461 410 2513 Arte
419 2460 527 2531 poetica.
539 2464 612 2513 Vens.
626 2460 729 2512 388..-
774 2459 842 2512 Aldo
853 2474 881 2511 et
892 2460 976 2512 Codd.
989 2462 1060 2513 scira
1073 2475 1112 2514 est
1124 2461 1272 2517 observatio

229 2543 375 2607 Promotum
390 2540 469 2592 Domi
483 2540 648 2590 contineatur
662 2556 729 2610 opus
773 2538 882 2590 Gesneri
895 2540 923 2590 in
934 2539 1087 2606 Thesauro,
1099 2539 1182 2592 videri
1194 2560 1272 2594 usum

230 2621 368 2690 scriptum:
377 2634 466 2686 neque
476 2618 546 2668 enim
556 2615 637 2683 editio
646 2619 730 2688 premi
772 2615 896 2668 vocabuli
908 2617 990 2670 fuisse
1003 2616 1075 2688 plebi
1088 2631 1115 2670 et
1128 2619 1191 2690 ipsis
1204 2637 1273 2671 nau·

229 2709 327 2769 potest.
341 2697 436 2747 Roma
772 2695 1272 2769 tispeculiarem,utpmpteridipsum

267 2777 292 2829 3.
301 2773 544 2828 Oramsolventibns.
553 2774 630 2825 Oeam
637 2775 729 2829 funem
772 2787 840 2825 esset
851 2775 934 2825 rarior
943 2773 1014 2845 apud
1022 2777 1171 2846 scriptores.
1183 2777 1270 2829 Sanun.

229 2856 366 2908 nauticum
384 2871 454 2918 esse,
474 2870 526 2922 quo
547 2853 621 2921 navis
638 2851 728 2921 allige-
771 2852 859 2904 -On
871 2851 934 2904 solu.
949 2854 1077 2923 Eportu,
1090 2851 1203 2919 elittore
1216 2854 1271 2907 sol·

230 2946 282 2999 tur,
296 2929 358 2985 satis
372 2942 482 3002 apparet
495 2947 527 2980 ex
540 2928 605 2980 locis
616 2930 728 2983 Liuianis
771 2929 1157 3002 ventibus3quodinusitatum.
1163 2932 1216 2985 Alii
1223 2951 1273 3004 per

229 3011 248 3065 l.
264 3010 353 3078 XXII,
370 3028 394 3061 c.
415 3026 463 3081 ¹9²
486 3005 620 3059 «Vixdum
637 3026 728 3060 omnes
773 3027 845 3059 oram
858 3008 1006 3080 intelligunt
1019 3011 1111 3061 funem
1126 3013 1270 3064 nauticum.

231 3111 243 3138 a
254 3087 475 3152 conscenderant,
485 3104 567 3156 quum
577 3085 620 3138 alii
626 3085 728 3139 resolu·
771 3086 1038 3156 videLiv.l.xx11,c.
1048 3107 1089 3158 19,
1098 3103 1123 3141 et
1130 3089 1272 3158 txxvrtl,

232 3189 243 3214 u
254 3170 286 3220 tis
292 3169 373 3220 crisin
378 3183 488 3220 ancoras
493 3161 653 3216 evehuntur»
663 3177 726 3216 reto.
771 3183 795 3218 c.
806 3165 848 3218 36.
862 3164 957 3217 Fabius
967 3165 1086 3218 eamdem
1093 3186 1187 3234 vocem
1196 3187 1271 3221 usur·

228 3248 258 3299 L.
274 3247 398 3312 XXVIII,
414 3243 448 3296 36
458 3265 464 3294 :
485 3240 728 3310 strabuntscalas,
771 3256 830 3313 pat,
841 3242 858 3294 l.
866 3246 914 3309 fv,
923 3261 945 3295 c.
959 3263 988 3310 2,
997 3244 1019 3314 ς.
1030 3245 1061 3311 41
1073 3267 1079 3296 :
1090 3245 1203 3298 Sublata
1211 3257 1273 3307 sunt

231 3344 243 3370 a
253 3343 361 3397 orasque
366 3336 392 3374 et
399 3340 537 3396 ancoras...
548 3320 702 3392 praecidunt.
713 3346 724 3370 n
771 3321 906 3387 auclore,
917 3321 1038 3396 solvimus
1054 3342 1142 3389 oram,
1156 3326 1273 3397 provecti

228 3403 343 3456 Consule
362 3401 395 3454 ad
415 3404 464 3453 ista
482 3399 542 3451 loca
559 3399 728 3452 Drakenborss
771 3418 864 3472 sumus.
879 3402 957 3452 Rom.
971 3431 1008 3440 -
1023 3403 1110 3454 Omm.
1123 3402 1189 3456 Cod.
1206 3423 1271 3458 nos·

228 3480 349 3536 ahianam
372 3479 522 3532 editionem.
547 3480 613 3530 Item
637 3491 728 3531 noster
771 3480 1184 3548 terRegiusl,anram.Emr⁰n.

270 3638 310 3701 N.
323 3637 358 3699 B.
379 3631 502 3700 Omnes
515 3625 619 3711 norm,
632 3658 706 3725 quoe
720 3637 753 3699 in
771 3650 835 3706 toto
848 3658 943 3722 opere
956 3637 1045 3727 nullo
1058 3622 1277 3725 insigniuntur

227 3734 375 3809 nomine,
391 3747 468 3797 sunt
487 3729 532 3798 G.
553 3729 592 3795 L.
612 3727 776 3821 Spalding
792 3731 996 3798 addicendae.
1020 3733 1115 3798 Alt'oe
1135 3735 1273 3802 subscri·

226 3830 346 3900 buntur
355 3830 415 3910 uel
426 3833 528 3897 Rom..
542 3830 602 3897 cel
612 3830 674 3896 Eo.
688 3830 747 3895 nel
758 3831 867 3896 Turn.
875 3881 884 3915 ‚
898 3846 980 3910 etc.²
992 3849 1052 3924 etc.
1068 3835 1210 3898 Epiron.

841 4096 844 4103 A
