2648 4852
472 392 727 460 ruarmo.
1101 414 1120 484 7

81 544 197 612 genere
212 539 354 593 novasse
367 518 493 608 aliquid
506 517 639 584 videtur
649 517 832 597 Gibsonus,
848 518 892 582 ita
904 533 1014 584 tamen
1029 533 1079 597 ut,
1093 525 1124 584 si-

81 629 245 718 proximos
265 625 457 692 decessores
476 621 664 702 deserebat,
678 640 829 688 veterum
843 623 1036 689 auctoritate
1051 644 1120 687 non

82 752 213 822 prorsus
228 747 368 798 careret.
382 731 494 812 Quum
508 729 598 794 enim
610 728 711 816 vulgo
726 728 952 794 Institutiones
971 729 1121 809 oratoriae

82 837 326 926 appellarentur
338 836 374 901 hi
388 835 479 915 libri,
494 833 662 900 Gibsonus
673 835 920 922 inscriptionem
932 833 1019 898 banc
1029 855 1121 898 com-

83 959 253 1032 parentem
267 943 302 1006 in
316 940 472 1008 Leidensi
486 940 639 1028 exemplo
653 938 761 1029 quod,
779 955 818 1004 ut
831 939 914 1019 dixi,
932 938 1119 1027 repetebat,

84 1048 217 1112 mutarit
229 1047 353 1126 altera,
371 1067 445 1136 quae
458 1047 507 1111 sic
521 1043 639 1110 habet.
658 1047 704 1110 M.
722 1047 758 1108 F.
774 1047 837 1126 Qu.
853 1043 896 1109 de
911 1043 1121 1110 Institutione

83 1152 230 1218 Oratoria
255 1152 333 1216 libri
352 1153 427 1216 Xll.
450 1152 532 1215 Eam
553 1149 709 1239 deinceps
730 1172 845 1215 omnes
869 1166 1120 1238 expresserunt,

82 1257 140 1322 nisi
160 1255 257 1348 quod
277 1254 428 1322 Rolliuus
448 1256 608 1345 Epitomae
629 1277 696 1320 suae
716 1255 854 1343 praefixit
873 1255 1007 1320 titulum
1027 1255 1121 1320 illum

82 1363 262 1451 antiquitus
276 1362 531 1452 frequentatum.
541 1360 779 1426 Vetustissimae
793 1359 929 1450 quidem
944 1359 1120 1440 editiones,

82 1469 175 1532 sicuti
189 1484 309 1533 notum
319 1484 384 1546 est,
398 1465 667 1556 inscriptionibus
679 1488 790 1530 carere
804 1465 921 1531 solent.
938 1467 986 1529 Ita
997 1466 1030 1530 in
1043 1467 1122 1530 len·

82 1573 218 1639 soniano
231 1594 300 1638 non
311 1573 375 1638 nisi
385 1571 428 1636 ad
440 1572 563 1637 calcem
575 1571 673 1659 primi
687 1571 885 1660 initiumque
896 1569 1035 1636 secundi
1046 1569 1123 1635 libri

83 1677 239 1764 leguntur
250 1676 342 1755 bacca
356 1678 420 1760 Qu.
439 1676 482 1742 de
502 1677 712 1742 institutione
727 1676 877 1742 Oratoria
894 1675 980 1741 liber
994 1677 1122 1765 primus

84 1781 153 1847 finit
165 1821 207 1832 -
221 1781 388 1848 secundus
404 1782 528 1870 incipit.
550 1784 588 1845 lu
606 1782 732 1848 caeteris
749 1781 832 1847 nibil
849 1783 912 1847 nisi
928 1781 1122 1864 Quintiliani

83 1885 165 1952 liber
175 1887 308 1967 tertius,
322 1903 383 1952 etc.
394 1886 565 1952 Tarvisina
574 1887 608 1952 iu
620 1885 785 1975 prioribus
796 1887 886 1953 libris
898 1886 998 1951 hebet
1006 1889 1122 1951 Jenso·

84 1979 213 2057 nianem
229 1992 319 2056 illam
333 1990 597 2080 inscriptionem,
613 1991 647 2055 iu
660 1992 816 2081 reliquis,
831 1991 939 2081 iisque
951 1992 1120 2081 pluribus,

83 2097 243 2184 pluralem
261 2097 371 2185 ponit,
393 2114 430 2161 ut
447 2112 481 2161 et
498 2095 541 2161 ad
556 2096 680 2161 calcem
698 2097 800 2161 totius
813 2098 942 2186 operis3
961 2095 1055 2185 cujus
1072 2111 1122 2160 ta·
1188 2159 1190 2162 .

85 2222 160 2266 men
173 2201 309 2266 titulum
323 2200 356 2264 in
370 2202 479 2265 fronte
493 2222 556 2265 uec
573 2201 645 2288 ipsa
660 2198 771 2286 habet.
788 2199 950 2265 Locatellt‘
965 2199 1068 2266 editio
1086 2201 1130 2282 in3

85 2306 221 2393 singulis
241 2304 333 2370 libris
356 2304 516 2385 ostendit;
534 2302 578 2369 de
598 2306 676 2369 lust.
696 2305 854 2383 oratoria,
874 2304 910 2367 in
926 2303 995 2368 line
1012 2304 1121 2394 plura·

85 2409 167 2495 lem,
176 2412 212 2475 in
222 2411 332 2476 fronte
341 2412 450 2498 operis
460 2411 673 2498 inscriptione
682 2425 780 2475 caret.
792 2408 939 2498 Reliquae
949 2408 1121 2497 deinceps,

86 2538 165 2603 quas
179 2515 317 2605 quidem
330 2516 415 2596 vidi,
429 2515 591 2604 pluralem
606 2532 737 2605 ponunt
749 2514 896 2603 intitulo
911 2537 1030 2580 omnes
1045 2532 1123 2580 ante

84 2623 284 2704 Gibsonum,
300 2624 334 2688 in
348 2624 484 2712 singulis
498 2639 608 2688 tamen
623 2624 715 2689 libris
728 2624 890 2688 varisntes
900 2624 1124 2711 *etipsmNo-

86 2753 161 2796 men
181 2733 293 2820 operis
319 2753 509 2820 expressum
533 2755 552 2796 a
574 2733 735 2820 scriptore
752 2752 825 2798 uon
847 2732 1124 2819 memini'praeter

86 2836 194 2902 locum
207 2837 243 2900 in
257 2837 395 2927 epistola
408 2836 451 2902 ad
469 2836 683 2926 bibliopolam
691 2860 705 2916 ,·
715 2837 774 2926 qui
786 2857 867 2902 sane
882 2835 1032 2901 defendit
1046 2835 1123 2904 Gib-

88 2942 266 3007 sonianiam
280 2944 537 3031 inscriptionem.
550 2945 666 3032 Neque
679 2959 788 3022 tamen
800 2959 873 3008 tuto
885 2939 963 3004 iude
975 2940 1123 3026 colligas,

88 3047 149 3112 boc
170 3050 380 3137 potissimum
403 3050 758 3138 nominis-impositum
777 3048 819 3113 ab
842 3050 915 3137 ipso
938 3069 1010 3111 esse
1032 3045 1124 3110 libris

88 3153 185 3220 bisce.
206 3157 248 3219 Et
265 3154 366 3222 habet
382 3157 465 3222 alter
483 3157 539 3221 ille
554 3157 669 3222 titulus
685 3178 829 3235 morem,
848 3176 916 3245 quo
930 3176 966 3218 se
982 3169 1124 3232 tueatur,

89 3261 234 3347 ipsorum
248 3278 399 3325 veterum
419 3262 646 3332 Institutiones
663 3261 900 3350 appellantium
916 3257 1034 3338 libros,
1051 3259 1126 3347 qui·

90 3363 147 3430 bus
168 3365 333 3431 elementa
352 3368 429 3432 artis
450 3366 620 3457 cujusdam
641 3383 840 3431 enarrarent.
866 3362 1039 3428 Credimus
1061 3363 1127 3428 hoc

90 3471 257 3536 Lactantio
277 3470 397 3538 diserte
411 3473 683 3538 commemoranti
701 3473 735 3539 iu
753 3473 863 3537 fronte
878 3471 1128 3536 institutionum

92 3577 298 3658 Divinarum3
318 3595 352 3643 et
369 3595 478 3666 potest
495 3579 639 3644 conferri
657 3578 823 3657 Barthius‚
842 3575 886 3641 de
904 3575 1068 3665 ejusmodi
1086 3575 1127 3638 ti·

94 3680 158 3745 tulo
175 3683 311 3770 copiose
329 3682 500 3772 disputans
518 3682 669 3748 Adverss.
687 3682 743 3748 lib.
762 3685 811 3761 ll,
830 3704 859 3747 c.
885 3705 932 3769 17,
952 3682 1010 3769 qui
1028 3681 1126 3743 etiam
1159 3739 1161 3743 ,
1264 3724 1273 3739 .

71 3818 74 3823 ·
94 3784 230 3851 Vitruvii
239 3790 343 3852 utitur
351 3790 554 3870 auctoritate,
565 3790 727 3879 prooemio
736 3788 812 3853 libri
822 3787 954 3875 septimi
961 3785 1127 3851 Architec-

97 3893 215 3957 tonicas
236 3894 457 3960 institutiones
477 3896 640 3983 ponentis.
662 3892 845 3959 Commode
864 3914 969 3981 quum
983 3888 1128 3979 'hujusce

98 3991 313 4092 inscriptionis
332 3999 451 4088 plutali
467 4000 647 4078 contuleris¹
661 4000 794 4066 titulum
812 3997 887 4071 libri
904 3993 1137 4082 Ciceronianis
