2648 4852
220 432 262 479 22
454 404 629 472 GEORG.
654 404 769 470 LUD.‘
786 405 1026 473 SPALDING

221 553 312 621 ganas
323 531 360 595 in¹
370 530 503 594 Bavari'a
513 528 595 594 Cod.
608 529 747 605 membr.
760 529 872 610 Quint
885 530 965 596 Saec.
977 533 1065 611 XIV,
1079 531 1136 595 tol.
1148 554 1262 621 parvo.

269 640 314 703 Ex
331 636 452 725 insigni
472 635 672 715 editionum,
689 656 762 725 quae
781 636 876 701 lactae
896 653 973 701 sunt
990 637 1158 727 scriptoris
1177 639 1264 719 mei,

221 741 435 809 multitudine
446 765 514 806 non
527 741 808 808 contemnendum
820 741 957 806 adhibui
967 765 1144 808 numerum
1155 765 1267 834 neque

221 847 414 954 poenitenda
435 848 594 936 exempla.
616 848 768 937 Principe
787 847 923 936 quidem
943 847 1107 930 editione,
1123 868 1198 938 quae
1218 865 1269 914 est

223 955 399 1044 Campani,
423 971 534 1021 curata
557 956 686 1034 Romae,
708 977 797 1023 anno
817 956 1066 1034 MCCCCLXX,
1086 955 1211 1043 pariter
1229 977 1269 1020 ac

225 1060 371 1129 secunda
379 1058 748 1148 Andreana,progressa
755 1059 809 1125 illa
817 1058 1046 1138 eodemanno,
1056 1061 1135 1125 item
1143 1063 1271 1137 Romae,

227 1191 268 1233 ex
286 1166 419 1232 officina
434 1167 677 1231 Germanorum
689 1168 849 1230 Pennana
865 1181 899 1229 et
913 1165 1148 1256 Sweynheym,
1167 1165 1271 1230 carui.

226 1273 482 1361 Campanianam
495 1295 598 1360 quum
611 1271 897 1360 Capperonnerius
912 1270 1043 1349 Parisiis
1057 1294 1126 1335 non
1142 1269 1273 1334 inveni-

226 1395 295 1458 ret,
312 1377 569 1443 communicavit
582 1400 659 1442 curn
674 1399 715 1441 eo
730 1377 857 1467 aliquot
872 1377 1022 1464 locorum
1038 1375 1110 1466 ejus
1127 1375 1275 1442 collatio·

227 1507 306 1549 nem
318 1483 494 1563 Meterius,
506 1482 564 1573 qui
576 1499 609 1547 et
621 1484 655 1548 in
667 1481 813 1573 Epistola
827 1481 869 1547 ad
884 1483 1048 1549 Clericum
1061 1481 1104 1547 de
1116 1499 1197 1547 antt
1208 1482 1273 1565 Qu.

229 1587 315 1654 Edd.
327 1586 478 1679 quaedam
489 1589 685 1654 Lectionum
695 1589 876 1677 specimina
886 1587 1033 1669 exhibet,
1044 1604 1159 1653 nactus
1169 1610 1277 1651 exem·

229 1696 324 1784 plum
343 1695 556 1760 vetustissimi
574 1694 651 1759 libri
668 1717 708 1761 ex
723 1693 924 1760 bibliotheca
940 1693 1190 1760 Pembrokiana.
1207 1694 1277 1756 Nec

230 1800 318 1866 ullus
328 1818 484 1890 praeterca
499 1799 607 1865 editor
614 1799 701 1865 hanc
711 1799 891 1865 editionem
903 1823 980 1865 cum
991 1816 1081 1865 textu
1094 1796 1277 1865 contendit.

231 1909 308 1971 Non
327 1905 372 1970 ita
392 1906 504 1971 multis
524 1904 645 1970 abhinc
663 1906 775 1986 annis,
793 1929 897 1996 quum
917 1908 952 1971 in
973 1906 1058 1995 regis
1079 1905 1183 1970 nostri
1203 1903 1279 1969 aula

233 2027 421 2088 versaretur
432 2009 640 2081 doctissimus
653 2011 858 2099 imperatoris
871 2027 981 2076 orator
992 2011 1140 2076 Revitius
1152 2030 1279 2086 comes,

235 2116 488 2183 etiam-Berolini
499 2133 629 2205 poterat
639 2118 779 2206 spectari
792 2116 846 2183 hic
857 2116 951 2195 liber,
965 2117 1123 2206 quoniam
1135 2116 1223 2180 inter
1233 2113 1282 2178 bi-

234 2218 410 2289 bliothe'cae
420 2222 491 2313 ejus
500 2223 683 2288 lectissimae
692 2223 820 2289 cimelia
830 2223 1114 2311 servabatur,quae
1124 2242 1214 2285 nunc
1224 2222 1283 2284 Co

235 2328 352 2399 mitem
364 2327 567 2417 Spencerum
579 2328 680 2394 habet
692 2327 880 2408 dominum,
894 2346 932 2392 nt
945 2328 1013 2392 duo
1027 2329 1062 2392 in
1075 2327 1180 2392 insula
1193 2342 1282 2390 vete·

236 2457 313 2501 rum
324 2434 507 2503 litterarum
519 2435 758 2502 studiosissima
768 2434 867 2524 hujus
881 2435 1035 2500 editionis
1048 2432 1197 2522 exempla
1211 2454 1283 2496 esse

238 2554 383 2619 constet,
400 2537 480 2604 dum
494 2540 677 2629 in-rcliquis
693 2541 787 2606 terris
800 2563 842 2604 ne
854 2541 912 2604 uni
924 2540 1060 2630 quidem
1073 2538 1193 2603 editori
1207 2553 1285 2626 post

238 2647 302 2711 tria
318 2645 436 2712 saecula
450 2647 550 2735 potiri
565 2669 603 2711 ea
615 2647 785 2734 contingit.
803 2646 1012 2711 Andreanam
1027 2646 1194 2711 Gibsonus
1208 2666 1286 2709 con·

239 2753 316 2816 tulit
330 2767 363 2816 et
376 2753 553 2840 excerpsit,
569 2775 679 2841 neque
691 2769 801 2816 tamen
816 2775 915 2817 omne
930 2750 1105 2817 tractandae
1118 2749 1221 2838 ipsius
1234 2747 1287 2811 de-

241 2856 400 2939 siderium
422 2857 655 2939 exemit.,Quae
675 2857 831 2946 deinceps
849 2858 955 2945 prima
973 2855 1097 2945 prodiit
1115 2854 1285 2944 scriptoris

240 2962 414 3050 repetitio,
426 2963 573 3045 Venetiis
594 2986 656 3050 per
672 2966 719 3029 M.
738 2963 911 3029 Nicolaum
931 2962 1143 3040 Jensonium,
1165 2983 1203 3024 ea
1222 2961 1287 3047 pri·

241 3091 335 3138 mum
350 3092 371 3133 a
386 3069 535 3134 Gesnero
549 3091 627 3135 cum
637 3068 770 3155 vulgato
784 3084 875 3133 textu
889 3084 1092 3155 comparata,
1108 3065 1190 3129 mihi
1205 3087 1288 3152 quo-

192 3179 200 3197 “
244 3197 311 3263 que
325 3173 514 3262 usurpanda
526 3190 591 3252 est,
605 3163 759 3241 concessa
771 3173 813 3239 ab
827 3174 986 3238 Henricio
995 3175 1035 3236 V.
1049 3175 1084 3237 C.
1097 3173 1155 3261 qni
1169 3186 1290 3259 praeest

244 3278 368 3347 scholae
389 3279 605 3368 Ruppinensi.
629 3281 740 3363 Quum
763 3280 850 3344 enim
872 3279 1027 3344 undecim
1048 3278 1169 3355 abhinc
1194 3278 1289 3341 annis

244 3385 358 3451 civitas
372 3385 433 3450 ista
445 3385 657 3451 acerbissimo
668 3384 822 3451 incendio
837 3385 1048 3472 affligeretur,
1065 3383 1163 3449 etiam
1176 3382 1290 3448 schola

247 3491 385 3579 ejusque
403 3490 544 3555 litterata
561 3491 709 3580 supellex
727 3492 821 3570 arsit,
842 3491 1008 3580 coepitque
1026 3513 1113 3577 aegre
1124 3488 1290 3576 ‘deinceps

246 3595 457 3682 popularium
470 3611 504 3659 et
517 3613 704 3661 exterorum
715 3619 849 3686 quoque
861 3595 1031 3661 beneficiis
1043 3593 1182 3659 restitui.
1195 3597 1291 3656 'lunc

249 3701 348 3787 igitur
373 3725 433 3789 per
456 3701 626 3773 tribunum
649 3702 828 3792 quemdam
853 3704 1021 3790 legionum
1043 3703 1292 3766 Bornssicarum

249 3805 333 3870 liber
351 3805 473 3873 scholae
487 3809 695 3896 Ruppinensi
710 3810 773 3875 fuit
789 3810 998 3899 impetratus,
1018 3806 1292 3896 pretiosissimum

248 3934 370 3977 munus
384 3912 537 3977 monachi
550 3913 640 3979 docti
652 3915 685 3981 in
699 3914 888 3980 Franconiat
899 3911 1112 4001 Splendidam
1126 3911 1211 3975 hanc
1224 3908 1292 3973 edi-

249 4019 391 4099 tionem,
406 4017 463 4085 sed
476 4042 494 4084 a
507 4019 654 4086 Gesnero
665 4021 801 4110 aliisque
813 4022 891 4086 satis
899 4042 1066 4109 superque
1080 4017 1292 4105 descriptam,
