2648 4852
461 384 718 450 PRAEFATIO.
1068 412 1101 454 ιι

73 534 155 575 nem.
174 511 218 575 Et
232 524 302 574 erat
316 507 454 573 fortasse
469 508 496 572 is
511 506 690 596 ejusmodi,
706 524 758 586 ut,
775 507 808 572 iu
823 507 893 597 ipsa
909 507 1046 575 laudum
1066 512 1106 576 si·

73 617 267 694 mulatione‚
281 613 426 679 dicteriis
440 614 509 701 peti
522 629 714 679 mereretur.
727 613 760 678 Si
772 630 859 678 recte
870 614 969 700 igitur
979 616 1107 698 Quinti·

73 724 193 789 lienum
207 737 359 811 nostrum
375 719 577 784 removimus
591 741 631 783 ex
645 717 707 783 hac
724 719 892 784 luvenalis
907 719 1021 799 satira,
1039 739 1108 786 nou

74 825 224 916 estquod
238 846 422 903 vereamur,
435 847 479 888 ne
492 839 630 911 propter
640 823 823 887 Ausonium
839 823 881 887 sit
896 821 939 888 ad
951 822 1109 889 Hadriani

73 944 220 1019 tempora
239 953 347 1019 usque
364 927 574 1018 proroganda
592 928 663 1017 ejus
681 929 757 993 vita.
776 929 823 992 Ea
839 929 928 992 euim
946 926 1110 994 Dodwelli

74 1054 121 1101 eat
135 1036 315 1116 sententia,
331 1035 389 1124 qui
403 1034 587 1100 consularia
604 1034 664 1099 ieta
682 1049 873 1098 ornamenta
886 1033 928 1098 ab
941 1032 1110 1099 Hadriano

73 1143 106 1209 iu
118 1165 194 1207 eum
207 1141 327 1207 collata
340 1157 466 1219 censet,
481 1156 658 1228 propterea
669 1137 761 1227 quod
771 1139 936 1205 Ausonius
950 1139 1111 1227 siguificat

73 1250 273 1336 Augustum,
296 1268 364 1311 non
378 1248 549 1324 ¹Caesares,
574 1244 687 1333 quales
709 1243 834 1308 fuerint
858 1245 911 1309 isti
933 1245 1111 1309 Clementis

73 1351 611 1434 filiiraQuintilianuinstitutum.
630 1348 822 1415 Rectissime
836 1349 922 1415 hanc
936 1348 1111 1414 dubitatio-

72 1457 443 1525 nem-ussuitssesnerus
461 1457 495 1522 in
513 1455 722 1544 praefatione,
740 1451 767 1544 ς.
786 1478 834 1534 11,
852 1453 1043 1533 ostendens,
1056 1455 1111 1519 Se·

71 1588 188 1631 uenam
199 1581 235 1631 et
247 1564 488 1648 Quintilianum
498 1585 613 1629 secum
625 1561 863 1650 comparandos
877 1583 997 1648 negare
1006 1564 1112 1627 Auso-

73 1673 190 1750 nium‚'
210 1693 355 1760 quorum
379 1669 462 1735 alter
489 1671 674 1757 Augustum
699 1666 836 1756 quidem
859 1665 1026 1746 docuerit,
1053 1665 1111 1731 sed

73 1775 189 1844 consul
199 1799 272 1841 non
287 1775 388 1841 luerit
403 1791 549 1853 aramue,
566 1773 649 1840 alter
660 1789 771 1839 autem
783 1772 965 1839 consularia
977 1770 1114 1861 quidem

73 1897 267 1947 ornamenta
286 1880 469 1967 acceperit,
494 1877 553 1944 sed
575 1900 686 1967 neque
709 1880 894 1965 Augustum
916 1877 1112 1955 instituerit,

74 2008 183 2074 neque
192 2005 293 2050 rarus
305 1984 420 2050 consul
430 1985 541 2050 luerit.
554 1985 762 2073 Quamquam
770 1982 897 2048 residet
907 1983 1015 2072 aliqua
1025 1982 1113 2047 diffi-

74 2091 176 2157 cultas
189 2091 310 2157 inistis
322 2090 478 2155 Ausonii:
496 2119 510 2149 a
525 2089 672 2155 Caesares
682 2089 922 2166 docebantum
938 2088 997 2154 sed
1011 2088 1112 2153 ambi·

74 2221 136 2285 gua
147 2198 286 2265 fortasse
299 2198 481 2275 assumtio,
492 2220 512 2261 a
525 2192 717 2263 calamistris
731 2197 770 2262 iis
782 2197 902 2287 quibus
913 2219 986 2261 eam
998 2197 1115 2261 inussit

73 2304 247 2379 affectator
261 2303 458 2392 eloquentiae
472 2304 527 2390 (3).

86 2462 91 2472 .
113 2411 165 2473 Ex
179 2410 339 2497 Hispania
350 2412 493 2489 ¹Romam
506 2410 636 2477 venisse
651 2411 756 2475 lemur
769 2410 889 2474 Noster
902 2409 936 2473 in
948 2408 1113 2474 Chronico

72 2514 270 2581 Eusebiano.
280 2515 347 2581 uui
361 2514 497 2604 quidem
511 2516 693 2581 narrationi
708 2514 901 2580 Dodwellus
918 2514 1016 2580 docet
1029 2513 1112 2577 mul·

74 2636 144 2683 tum
156 2617 314 2706 ponderis
330 2619 489 2687 accedere
506 2619 584 2686 inde
601 2620 692 2711 quod
706 2620 857 2686 videatur
874 2622 1113 2709 HieronymuS,

74 2723 231 2789 Chronici
245 2725 352 2794 Graeui
369 2727 547 2814 interpres,
564 2749 624 2791 aua
638 2725 896 2808 deQuintiliano
910 2726 1057 2791 hausisse
1075 2747 1114 2789 ex

73 2828 142 2915 ipso
154 2829 325 2893 Suetonio.
341 2832 457 2898 Monet
468 2831 559 2895 euim
569 2830 634 2897 hoc
648 2830 770 2897 diserte
781 2832 816 2895 in
830 2833 1023 2919 praefatione
1035 2853 1113 2919 ope·

74 2934 116 2997 ris
126 2933 338 3001 doctissimus
348 2934 494 3001 ecclesiae
502 2952 605 3024 pater,
616 2937 654 3000 in
666 2936 764 3003 rebus
774 2936 1066 3025 Romanisauxisse
1078 2957 1114 2999 se

74 3060 173 3126 opus,
189 3037 282 3126 quod
295 3055 455 3120 verteret,
470 3064 569 3112 usum
581 3042 730 3106 Suetonii
742 3042 840 3106 etiam
852 3040 954 3105 libris.
970 3042 1045 3104 lam
1063 3041 1114 3103 in·
1183 3063 1184 3066 ¹

76 3142 145 3209 dice
156 3144 472 3232 operisSuetoniani
478 3144 520 3210 de
529 3146 624 3213 claris
633 3145 835 3225 rhetoribus,
849 3146 907 3235 qui
918 3168 987 3209 nnn
997 3145 1114 3233 exiguo

77 3246 258 3317 litterarum
273 3248 452 3315 commodo
464 3268 611 3316 servatus
625 3267 691 3329 est,
710 3273 815 3339 quum
828 3250 930 3338 ipsius
943 3248 1019 3312 libri
1032 3270 1114 3314 non-

78 3354 141 3416 nisi·
152 3353 295 3442 paucula
305 3355 488 3442 fragmenta
499 3354 541 3421 ad
554 3378 615 3423 nos
627 3356 856 3444 pervenerint;
872 3354 950 3435 hoo,
964 3354 1113 3444 iuquam,

78 3457 183 3524 indice
197 3475 350 3546 appareti
367 3461 465 3525 etiam
478 3463 524 3525 M.
540 3460 631 3525 Fabii
644 3460 838 3543 Quintiliani
848 3461 949 3524 vitam
961 3460 1115 3548 scriptam

78 3562 176 3628 fuisse
189 3564 223 3626 in
235 3563 298 3628 isto
311 3586 414 3651 opere.
423 3587 443 3629 a
452 3565 794 3654 Tranquillo-Tantus
802 3580 918 3631 auctor
929 3562 1024 3630 facile
1036 3586 1118 3652 prae-

80 3685 187 3754 gravat
196 3666 360 3758 quidquid
371 3686 485 3734 contra
494 3669 547 3734 vel
559 3693 577 3733 a
588 3669 825 3735 recentioribus
836 3668 965 3748 dicitur,
974 3670 1026 3734 vel
1039 3691 1116 3734 cou-

77 3771 200 3858 jectura
213 3772 338 3863 alioqui
354 3774 430 3840 satis
446 3773 609 3863 probabili
624 3775 759 3840 eruitur.
776 3775 851 3840 Non
866 3791 915 3865 est
932 3771 1117 3838 audiendus

82 3876 175 3962 igitur
192 3866 377 3974 anonymus
395 3879 471 3945 vitae
491 3880 686 3962 Quintiliani
703 3880 857 3972 scriptor,
879 3878 973 3969 cujus
993 3876 1117 3967 brevis·

82 3983 160 4062 sinna
165 3986 316 4063 narratio
328 3987 412 4057 solet
425 3988 505 4077 poni
520 3987 554 4053 iu
570 3986 788 4071 editionihua,
806 4005 840 4054 et
856 3988 952 4055 estin
968 4007 1117 4051 mearum
