2648 4852
366 450 370 459 ·
450 419 705 484 PRAEFATIO.
1089 424 1108 493 3

71 564 132 627 est,
149 568 217 612 non
233 565 335 634 posse
345 544 527 608 ‘lectionem
541 567 614 615 eum
627 542 712 608 adeo
725 541 909 633 expeditam
926 568 997 613 esse
1012 520 1113 614 et'tu·

73 669 150 733 tum,
168 673 206 716 nc
220 651 250 716 si
263 650 299 714 in
312 650 472 738 scriptore
487 659 623 714 suorum
634 665 822 738 temporum
835 670 1030 718 versaretur.
1046 656 1112 737 Qui

73 780 163 825 secus
182 770 317 846 putant,
333 756 360 818 'ii
379 777 414 821 se
433 754 652 820 ludificandos
669 754 865 844 permittunt
886 782 1001 823 eorum
1022 761 1114 848 igno·

74 863 184 928 rantiae
200 862 310 928 dicam
326 877 368 926 uu¹
382 860 611 949 impudentis,
626 862 683 950 qui
695 862 884 927 varietatem
898 864 999 928 ullam
1011 866 1112 954 scrip·

75 987 155 1034 turae
166 970 201 1033 in
211 970 253 1032 V.
267 984 301 1032 et
312 969 352 1031 Ns
365 967 568 1032 Testamenti
582 966 673 1031 libris
685 967 826 1031 inveniri
837 967 937 1034 hodie
950 969 1064 1049 etiem,
1079 971 1114 1035 in

76 1091 163 1139 tante
181 1074 311 1139 Critieae
335 1072 549 1168 sacrarium,
574 1073 746 1160 praefracte
770 1089 899 1138 etcum
923 1071 1117 1162 prudentio-

79 1200 148 1244 rum
165 1178 343 1244 manifesto
359 1176 503 1242 ludibrio
519 1194 649 1265 negent.
663 1179 779 1266 Neque
796 1197 865 1243 erat
880 1203 941 1268 pro
956 1175 1031 1244 mes
1043 1182 1117 1246 reli·

78 1289 192 1374 ginno,
211 1283 381 1349 veteribus
402 1274 563 1371 exemplis
579 1305 647 1346 non
666 1281 911 1364 addicentibus,
936 1285 1061 1375 ubique
1082 1288 1117 1350 in

78 1407 167 1456 textu
184 1405 328 1479 ponere,
346 1387 437 1478 quod
456 1387 546 1452 mihi·
558 1389 764 1452 verissimum
784 1388 960 1455 videretur.
983 1394 1031 1455 lta
1050 1392 1118 1456 fac·

78 1513 147 1560 turn
169 1510 235 1575 est,
257 1510 296 1560 ut
316 1494 486 1558 sententiae
507 1492 662 1557 eruendae
683 1514 797 1574 ceusu,
821 1516 907 1583 saepe
928 1495 969 1560 ad
991 1497 1118 1562 critices

80 1617 170 1665 notus
191 1616 278 1664 esset
294 1594 497 1686 ablegandus
516 1595 567 1661 vel
587 1599 614 1662 is
632 1597 745 1677 lector,
762 1600 818 1687 qui
837 1622 950 1665 earum
970 1603 1120 1677 omnium

79 1705 215 1792 gretiam
232 1703 447 1768 libentissime
463 1703 545 1767 mihi
559 1720 627 1767 erut
642 1703 797 1769 fecturus.
816 1706 978 1770 Caeterum
994 1708 1121 1772 secrevi

79 1798 201 1875 diuersi
211 1811 341 1898 generis
353 1827 447 1874 notas
457 1811 517 1895 (1),
535 1825 666 1874 secutus
679 1808 896 1881 doctissimor.
909 1813 1121 1900 popularium

82 1939 248 1996 meorum,
265 1917 434 2004 ipsiusque
447 1914 604 1994 Gesneri‚
619 1916 823 2003 exemplum,
838 1917 932 2006 eujus
945 1919 978 1982 in
991 1919 1121 2001 Quinti·
1224 1943 1235 1959 ·

82 2020 168 2087 liano
189 2043 318 2086 summa
338 2037 388 2086 est
408 2022 595 2085 auctoritas
619 2021 683 2102 Qui
709 2021 808 2108 igitur
829 2044 911 2086 meae
933 2022 1013 2088 fidei
1028 2026 1123 2088 r'ecte

83 2129 288 2192 committere
303 2148 375 2192 sese
387 2148 484 2214 posse
496 2126 559 2223 silui
573 2124 713 2205 videtur,
728 2148 837 2215 neque
850 2128 1010 2215 originem
1026 2146 1060 2193 et
1068 2129 1123 2220 jus

84 2234 167 2324 ejus,
178 2255 254 2324 quae
265 2234 299 2296 in
308 2249 398 2298 textu
408 2232 514 2320 posita
524 2248 586 2309 est,
599 2232 767 2318 scripturae
777 2233 972 2320 investigare
982 2232 1122 2314 laboret,

85 2340 164 2404 isne
176 2340 313 2427 scriptas
326 2337 461 2427 quidem
474 2338 637 2402 existimet
649 2353 758 2416 notae,
772 2359 847 2426 quae
858 2339 962 2401 textui
977 2339 1039 2425 ipsi
1053 2362 1126 2426 pro

86 2443 172 2509 tinus
190 2443 421 2534 subjiciuntur.
441 2445 542 2507 Erunt
561 2459 672 2505 autem
691 2441 795 2506 nihilo
813 2443 923 2506 minus
942 2441 1126 2508 scribendae

88 2570 147 2630 eae,
159 2567 198 2614 ut
208 2549 328 2614 harum
337 2571 472 2637 quoque
484 2571 595 2612 rerum
607 2548 744 2626 curiosi,
759 2571 842 2636 quos
855 2549 1016 2612 lectorum
1027 2570 1127 2636 supra

89 2653 299 2719 definitorum
318 2676 458 2718 numero
480 2676 689 2743 nequaquem
709 2654 832 2734 eximo,
852 2652 1013 2718 haberent
1025 2652 1127 2733 unde

90 2776 192 2824 textus
202 2760 488 2838 constitutionem,
499 2781 597 2846 quem
608 2758 752 2846 praetuli,
766 2781 868 2847 quum
881 2759 1035 2838 aliorum,
1049 2759 1129 2823 Ges-

91 2866 159 2929 ueri
178 2865 346 2954 inprims,
368 2865 495 2928 ratione
514 2864 703 2929 conferrent
719 2879 752 2955 et
765 2862 970 2952 judicarent3
991 2884 1128 2949 cognos-

91 2988 200 3037 cerent
215 2971 314 3035 etiem
328 2969 433 3034 sicubi
445 2968 548 3051 latens
563 2966 698 3058 aliquod
712 2968 831 3033 vulnus
849 2985 881 3032 et
895 2968 980 3032 male
994 2973 1129 3033 concre-

93 3092 159 3141 tum
178 3075 294 3142 falsum
313 3075 459 3140 sanitatis
479 3075 622 3163 speciem
640 3072 840 3138 ostenderet.
861 3070 1069 3138 Heec'omnie
1087 3093 1129 3135 eo
1216 3072 1219 3077 ’

94 3183 190 3269 magis
203 3180 285 3244 mihi
297 3181 433 3245 fuerunt
443 3179 644 3268 praestanda,
659 3202 726 3269 quo
738 3179 833 3267 plura
845 3179 973 3242 Criticae
985 3177 1033 3239 rei
1047 3199 1132 3264 prae-

95 3286 187 3366 sidia,
203 3307 266 3350 nec
279 3285 365 3350 levia
376 3286 447 3365 illa,
461 3285 760 3373 mihi-contigerant
771 3285 973 3372 optimorum
982 3283 1129 3346 virorum

95 3389 270 3470 beneficio,
283 3390 326 3455 de
338 3382 458 3480 quibus
470 3391 558 3454 infra
570 3389 708 3455 dicetur.
783 3398 798 3416 ·’
853 3400 857 3407 ’

105 3538 108 3542 -
134 3497 326 3581 Quintiliani
341 3497 417 3560 vitae
435 3493 640 3585 exponendae
655 3496 762 3560 otium
781 3494 863 3560 mihi
881 3496 1031 3561 fecerunt
1049 3494 1129 3559 Ges·

97 3624 206 3684 uerus,
231 3605 264 3668 in
285 3605 491 3692 praefatione‚
516 3621 549 3669 et
569 3590 726 3668 Emestus
748 3604 783 3667 in
803 3602 1003 3667 bibliotheca
1022 3601 1132 3666 Fabri·

98 3710 199 3789 ciena,
215 3732 367 3799 quosque
383 3709 419 3773 hi
434 3726 608 3799 recensent
622 3710 702 3773 varii
714 3724 877 3774 suctores.
891 3709 1009 3798 Aliqua
1020 3723 1131 3770 temen

99 3814 136 3879 ad
150 3817 259 3904 ipsum
276 3817 469 3903 scriptorem
484 3832 518 3890 et
531 3816 632 3904 magis
646 3815 744 3879 etiam
758 3813 800 3878 ad
813 3814 893 3893 hoc,
910 3811 999 3902 quod
1014 3828 1131 3875 tracte·

100 3940 183 4002 mus,
198 3943 283 4010 opus
294 3921 473 4009 spectantia
488 3937 627 4000 restant,
644 3919 698 3984 hic
710 3943 794 3984 ame
807 3943 940 4008 quoque
953 3915 1129 3981 monenda.

101 4022 205 4092 Statim
219 4029 255 4092 in
271 4028 406 4093 nomine
421 4025 538 4193 tyeor
554 4026 761 4094 excusatione
780 4024 943 4113 indigere,
958 4024 1017 4112 qui
1033 4043 1131 4089 usum

966 4146 975 4179 l
982 4166 987 4177 .
