2656 4852
182 417 224 480 ab
415 410 590 476 GEOBG.
615 411 726 476 LUD.
750 409 990 479 SPALDING

180 540 378 628 scriptorum
398 537 633 625 peritissimus,
656 540 943 627 Bruggemannus‚
967 538 1024 627 qui
1048 560 1169 626 nuper,
1192 540 1227 604 iu

181 644 381 710 editionibus
398 643 629 707 Britannorum
644 643 755 709 studio
770 645 906 725 curatis,
923 642 1082 725 ostendit,
1102 664 1227 734 quanto

179 748 351 815 intervallo
365 765 575 829 tatarorum,
588 751 646 839 qui
657 748 744 815 banc
758 767 903 839 sportam
919 767 1105 831 ornassent,
1118 750 1231 816 iudus-

179 855 275 918 triam
292 871 367 943 post
384 878 419 920 se
436 854 651 943 relinqueret.
667 857 950 922 Commentarium
963 855 1073 922 adbuc
1087 856 1228 945 diligen-

178 960 343 1025 tissimum
357 978 390 1024 et
401 960 666 1048 copiosissimum
678 960 720 1026 ad
734 961 799 1028 boc
812 985 895 1052 opus
908 963 1132 1052 composuisse
1144 964 1228 1028 mihi

178 1065 316 1155 quidem
326 1065 459 1130 videtur
469 1065 616 1154 Rapbael
626 1068 762 1155 Regius,
774 1070 846 1158 qui,
858 1070 884 1134 si
893 1069 995 1134 Vallae
1004 1070 1107 1135 multa
1117 1069 1227 1134 suble·

176 1171 240 1258 pit,
261 1187 402 1260 quaeest
420 1171 513 1236 Badii
531 1173 678 1237 Ascensii
696 1174 880 1254 accusatio,
901 1199 1002 1239 manu
1016 1176 1173 1264 ascriptas
1192 1176 1228 1239 in

177 1275 293 1342 codice
314 1299 374 1341 suo
394 1293 488 1342 notas
504 1279 720 1342 Laurentinas
734 1277 899 1360 habentis,
918 1280 1014 1345 nobis
1028 1297 1138 1344 tamen
1152 1303 1229 1346 auc·

177 1398 232 1446 tor
249 1404 386 1448 suorum
409 1381 524 1446 baberi
546 1381 662 1462 debet,
683 1384 842 1472 quoniam
863 1385 1031 1449 Laurentii
1049 1384 1151 1449 Vallae
1172 1384 1229 1448 illa

176 1505 366 1552 commenta
381 1504 510 1552 aetatem
525 1511 593 1552 non
609 1489 767 1552 tulerunt.
781 1491 866 1554 Nam
880 1490 972 1580 quod
983 1492 1111 1555 Veneta
1124 1488 1227 1555 editio

175 1593 187 1674 (
200 1595 300 1680 1494)
312 1593 408 1657 titulo
422 1593 584 1681 promittit
593 1592 720 1659 Vallaur
734 1595 985 1659 Institutionum
996 1594 1115 1660 barum
1129 1594 1228 1660 inter·

175 1713 319 1787 protem,
341 1697 411 1789 ejus
430 1716 532 1781 notae,
554 1715 591 1764 ut
610 1716 724 1764 monet
743 1701 843 1765 etiam
860 1702 1020 1767 Ernestus
1036 1700 1118 1766 Bibl.
1137 1704 1225 1783 Lat,

176 1827 208 1892 p.
224 1804 302 1890 269,
321 1803 408 1869 ultra
421 1804 607 1870 secundum
622 1804 746 1869 librum
761 1828 832 1870 non¹
844 1806 1046 1894 pertingunt.
1064 1804 1227 1870 Eamdem

175 1932 256 1974 vero
275 1931 347 1974 esse
366 1910 506 1997 primam
519 1910 621 1974 Vailae
638 1911 673 1973 in'
687 1907 750 1975 bac
767 1909 914 1975 editione
930 1927 1059 1989 notam,
1079 1928 1113 1975 et
1131 1911 1227 1998 Regii

176 2017 211 2078 in
224 2014 460 2094 Locateliiana‚
473 2014 564 2104 quod
575 2030 684 2079 narrat
697 2013 787 2079 idem
799 2016 971 2093 Emeum,
988 2014 1144 2104 equidem
1156 2036 1226 2078 non

174 2122 316 2209 reperio.
337 2119 401 2186 Sed
415 2121 597 2185 rectissime
611 2118 842 2184 animadvertit
857 2122 1064 2184 Burmannus
1079 2121 1112 2183 in
1129 2121 1224 2209 praef.

174 2257 191 2285 a
205 2216 308 2290 multa
325 2226 466 2314 Regium
481 2225 674 2306 emendare,
692 2248 766 2316 quae
778 2227 848 2289 VV.
862 2228 933 2290 DD.
947 2227 982 2290 in
997 2225 1090 2290 ltalia
1104 2226 1226 2315 inipso

173 2333 288 2420 Poggii
310 2330 449 2411 Codice,
475 2332 551 2397 satis
571 2332 707 2412 vitioso,
723 2331 793 2420 jam
812 2330 972 2397 mutanda
993 2333 1222 2396 censuerint.»

175 2439 223 2500 Ex
236 2437 341 2525 Regio
357 2433 515 2527 deinceps
530 2437 674 2502 editores
689 2435 797 2514 Fabii,
812 2437 1014 2527 quicumque
1031 2435 1158 2527 aliquid
1173 2459 1226 2501 ex·

173 2542 360 2631 plicationis
378 2541 591 2631 adjecerunt,
614 2544 684 2606 fere
703 2539 869 2631 pendent3
888 2543 1028 2606 maxime
1045 2541 1225 2606 Turnebus

172 2648 243 2727 ille,
261 2665 298 2712 ut
309 2646 381 2711 vult
391 2646 521 2724 audire,
536 2648 630 2738 cujus
642 2672 765 2713 nomen
775 2669 847 2712 esse
858 2647 1009 2712 fictitium
1022 2648 1099 2713 satis
1108 2642 1224 2735 ‘cogni-

174 2769 245 2816 tum
265 2768 315 2816 est
333 2750 540 2833 testimonio,
560 2752 650 2842 quod
667 2755 700 2817 in
717 2753 911 2841 praefatione
927 2753 1081 2841 apposuit
1098 2754 1224 2841 Cappe-

173 2858 349 2923 ronnerius
361 2883 394 2947 p.
407 2861 468 2936 VI,
482 2858 597 2923 Jacobi
609 2859 774 2937 Mentelii‚
787 2856 909 2923 medici
922 2856 1111 2924 Parisien'sis
1124 2861 1225 2942 (mor-

173 2965 221 3029 tui
239 2964 320 3051 1'690
329 2969 353 3050 ),
368 2963 422 3028 cui
436 2964 554 3028 similia
569 2962 681 3051 prodit
694 2985 811 3028 manus
825 2964 976 3053 antiqua,
990 2965 1059 3028 visa
1073 2965 1223 3028 Gesnero

172 3070 206 3130 in
219 3069 369 3155 exemplo
378 3065 499 3132 borum
512 3069 847 3148 Commentariorum,
859 3069 1079 3156 prostantium
1091 3070 1222 3134 Parisiis

177 3171 268 3260 1756.
281 3175 463 3238 Narrantur
477 3174 567 3237 euim
578 3172 680 3237 iidem
694 3196 789 3262 paene
801 3173 843 3237 ad
855 3173 995 3238 verbum
1008 3197 1026 3238 e
1039 3172 1221 3242 Philandro

172 3300 243 3342 esse
256 3280 452 3368 transcripti.
470 3279 577 3369 Hujus
593 3277 730 3369 quidem
744 3281 846 3369 ipsius
859 3279 1028 3345 Philandri
1040 3297 1135 3346 notas
1149 3280 1223 3345 bre-

170 3405 245 3462 ves,
261 3406 336 3472 quae
358 3399 434 3448 sunt
453 3385 591 3467 seorsim
612 3384 725 3465 editae,
748 3402 900 3450 narrante
922 3388 1065 3450 Ernesto
1084 3386 1119 3449 in
1138 3385 1222 3450 Bibl.

172 3490 258 3566 Lat,
274 3512 306 3578 p.
323 3511 396 3577 271,
413 3488 582 3578 Lugduni,
604 3489 702 3571 1535,
717 3491 748 3556 8.
762 3492 925 3580 inspicere
937 3490 1020 3557 mibi
1034 3514 1102 3555 non
1117 3492 1221 3556 conti-

171 3595 231 3681 git,
245 3611 283 3658 ut
292 3581 602 3685 judicarepossem
616 3621 658 3662 an
671 3598 754 3662 nibil
767 3597 943 3664 differrent
953 3598 1222 3685 castigationibus

171 3696 338 3789 ejusdem,
355 3724 428 3791 quae
444 3721 636 3792 comparent
650 3705 684 3768 in
698 3704 937 3770 Basileensibus
953 3703 1046 3767 meis.
1066 3703 1149 3767 Sunt
1163 3727 1221 3768 au·

171 3824 239 3870 tom
263 3792 659 3896 ejusanimadversiones
682 3812 833 3899 profecto
857 3833 925 3873 non
951 3808 1146 3898 proletariae.
1171 3812 1222 3879 Ne

171 3912 306 3976 Antonii
328 3911 464 4002 quidem
487 3914 559 3979 Pini
585 3917 860 3980 commentarium
882 3917 916 3986 in
940 3915 1062 3979 librum
1085 3916 1222 3979 tertium

171 4041 330 4107 usurpare
349 4020 443 4108 potui
462 4021 645 4111 integrum,
666 4023 823 4119 quoniam
839 4022 1047 4091 Burmannus
1068 4043 1136 4087 non
1156 4020 1221 4087 nisi
