2648 4852
259 350 591 453 msrrruuonrs
610 383 737 448 omn
758 382 1031 451 rnooauruu.
1126 387 1169 475 39

133 533 245 607 parva,
261 531 343 607 quae
361 506 458 613 orius
474 503 657 595 discimus,
674 504 809 593 studia,
828 504 896 577 sive
913 531 986 578 non
1003 506 1047 578 ad
1063 531 1169 580 suurn

132 621 294 721 pertinere
307 619 469 694 officium
481 619 628 718 opinati,
638 619 780 719 quando
790 618 902 692 divisae
916 620 1169 719 professionum

132 737 212 811 vices
221 756 353 828 essent3
368 761 449 825 seu,
462 736 558 835 quod
570 734 770 834 proximum
780 762 877 825 vero,
890 733 1026 807 nnllam
1039 733 1169 834 ingenii

133 850 300 952 rpeiantes
314 850 461 950 gratiam
474 850 564 924 circa
578 876 648 941 res,
663 848 797 922 etiarnsi
811 848 1034 939 necessarias,
1049 850 1171 949 procul

134 986 243 1038 umen
259 965 307 1037 ab
323 965 549 1040 ostentatione
566 963 691 1064 positas
703 991 712 1036 :
725 985 764 1038 ut
775 990 921 1064 operum
932 963 1066 1062 fastigia
1077 991 1170 1063 spec·

135 1100 252 1168 tantur,
266 1078 377 1152 latent
390 1079 632 1152 fundamenta.
646 1081 738 1179 Ego,
751 1106 863 1178 quum
878 1077 966 1150 nihil
978 1077 1168 1152 existimem
1206 1099 1223 1154 5

137 1193 189 1265 arti
198 1194 356 1266 oratoriar
367 1193 539 1284 alienum,
552 1193 625 1267 sine
638 1221 709 1293 quo
722 1194 796 1266 fieri
805 1211 974 1266 oratorem
987 1219 1059 1265 non
1071 1219 1170 1290 posse

135 1307 395 1400 fatendumst,
414 1335 480 1383 nec
498 1309 543 1381 ad
561 1307 666 1381 ullius
683 1308 731 1382 rei
748 1335 944 1400 summam,
963 1307 1028 1379 nisi
1046 1333 1171 1406 praece·

134 1419 290 1501 dentibus
305 1422 429 1513 initiis,
446 1422 635 1522 perveniri;
657 1424 703 1495 ad
720 1423 856 1495 minora
877 1421 977 1514 illa¹‚
996 1422 1075 1512 sed,
1092 1448 1171 1520 qua

134 1534 158 1607 si
169 1534 342 1636 negligas,
355 1563 427 1610 non
444 1537 486 1611 sit
502 1536 692 1640 majoribus
707 1537 822 1626 locus,
838 1536 1016 1609 demittere
1028 1562 1085 1608 me
1097 1563 1170 1607 non

136 1650 316 1723 recusabo:
335 1678 400 1724 nec
414 1652 522 1752 aliter,
534 1678 642 1751 quarn
659 1651 687 1724 si
704 1650 792 1723 mibi
804 1650 956 1722 tradatur
968 1647 1170 1721 educandus

135 1765 381 1871 oraton-studia
392 1764 467 1866 ejus
479 1768 629 1838 formare
647 1767 691 1838 ab
707 1765 853 1838 infantia
869 1764 1044 1863 incipiam.
1062 1763 1170 1854 Quod
1206 1773 1224 1828 6
1316 1765 1323 1770 ’

135 1905 227 1978 opus,
238 1878 403 1951 Marcelle
412 1879 555 1970 Victori,
567 1879 630 1952 tibi
644 1880 816 1952 dicamus:
830 1905 950 1978 quem,
961 1903 1074 1977 quum
1086 1876 1171 1949 arni-

134 1991 307 2064 cissimum
319 1993 436 2083 nobis',
448 2014 525 2065 tum
543 1993 668 2066 eximio
684 1993 875 2067 litterarum
892 2019 1010 2065 amore
1025 1991 1171 2090 flagran-

133 2126 219 2205 tem,
233 2131 307 2177 non
322 2128 461 2209 propter
473 2106 546 2180 haec
561 2108 667 2180 modo
682 2109 916 2207 (quamquam
931 2125 1012 2177 sunt
1025 2107 1171 2204 magna)

134 2218 375 2320 dignissimum
390 2220 456 2294 boc
471 2243 602 2294 mutuae
617 2221 705 2294 inter
720 2247 783 2293 nos
800 2218 944 2292 caritatis
960 2218 1104 2318 pignore
1113 2219 1172 2319 ju-

133 2331 350 2424 dicabamus3
361 2335 420 2407 sed
432 2336 528 2434 quod
539 2335 730 2408 erudiendo
740 2354 821 2407 nato
834 2347 848 2377 ²
860 2352 936 2422 tuo,
948 2333 1047 2432 cujus
1058 2333 1172 2431 prima

132 2467 205 2520 atas
219 2446 235 2492 ³
248 2438 474 2522 manifestum
488 2449 550 2523 iter
561 2451 605 2523 ad
617 2439 748 2550 ingenii
761 2444 884 2520 lumen
896 2443 912 2508 4
923 2445 1085 2537 ostendit,
1098 2473 1171 2519 non

133 2646 185 2710 tic,-
198 2646 304 2702 dativus
317 2662 358 2702 est
375 2653 403 2702 in
419 2652 546 2723 perfectis.
562 2653 628 2705 Inde
672 2664 725 2705 tuo.
742 2665 812 2706 nost.
822 2653 865 2704 Vl.
877 2653 988 2703 mamm.
1003 2667 1029 2720 9.
1046 2649 1095 2720 Qu.
1110 2651 1169 2704 mei.

132 2739 216 2778 autem
234 2745 285 2798 pro
302 2727 395 2779 deinde
414 2729 486 2800 quod
504 2732 627 2802 frequens
673 2734 698 2786 Si
710 2732 779 2784 ullus
791 2729 856 2783 Cod.
868 2731 1001 2802 preferret
1013 2729 1079 2795 hoc,
1090 2748 1169 2782 nemo

132 2803 200 2876 apud
223 2806 334 2858 Liuium.
352 2807 410 2860 vid.
436 2809 567 2863 Drakenb.
595 2811 628 2863 ad
671 2811 750 2863 facile
760 2810 1128 2881 contempserit;qnamquam
1136 2807 1170 2862 de

131 2883 180 2936 Liv,
192 2886 276 2951 xLu,
288 2885 336 2952 55,
348 2887 373 2938 6.
673 2908 723 2940 usn
737 2888 782 2940 illo
795 2887 840 2940 eat
852 2897 927 2939 natm
943 2888 1049 2939 nonnisi
1062 2889 1169 2959 poetico

166 2964 301 3015 LMr'nora
309 2963 456 3024 aracoeli
464 2967 626 3039 Mrtjorcr'llo.
672 2987 727 3020 non
739 2979 779 3018 est
789 2966 911 3017 confecta
922 2984 972 3017 res.

132 3039 169 3093 sie
178 3042 259 3093 etiam
266 3044 293 3094 in
301 3045 354 3095 suis
361 3046 510 3113 inveniebat
520 3049 628 3116 Regius,
708 3047 732 3099 3.
746 3049 822 3118 cnjus
828 3046 914 3118 prima
923 3055 991 3097 retas
1001 3042 1060 3097 scil.
1071 3061 1102 3095 ea
1112 3062 1169 3115 qnae

134 3122 173 3190 qui
185 3123 315 3184 correxit;
328 3121 447 3175 sedeatis
459 3125 626 3178 multiCodd.
673 3124 836 3177 euidentibus
850 3123 953 3175 indiciis
968 3121 1083 3174 ostendit
1097 3121 1169 3174 huuc

133 3202 183 3271 ejus
196 3200 408 3254 emendationem
420 3218 574 3273 agnoscunt.
671 3216 858 3276 perventurum
867 3201 901 3255 ad
910 3199 1100 3273 eloquentiam,
1113 3220 1170 3272 quae

164 3297 188 3330 2.
199 3279 279 3331 Nato.
292 3281 396 3350 Negant
408 3293 498 3332 natum
509 3302 559 3354 pro
565 3281 627 3354 filio
671 3296 711 3336 est
721 3284 818 3353 ingenii
826 3281 924 3334 lumen.
937 3281 972 3332 Ut
979 3280 1048 3333 enim
1059 3279 1170 3332 bominis

132 3355 162 3408 ab
176 3357 233 3410 aliis
249 3376 328 3429 quarn
338 3362 425 3430 poetis
438 3359 628 3431 diciullcgiurn
671 3362 746 3414 decus
761 3360 911 3434 inqenium,
929 3360 964 3412 sic
980 3359 1078 3432 inqent'r‘
1093 3359 1170 3431 ipsius

132 3449 215 3488 autem
225 3439 253 3488 in
262 3439 316 3489 suis
326 3437 360 3489 ad
369 3440 559 3507 Quintilianum
567 3459 628 3512 pro·
660 3441 759 3492 lumen
767 3449 804 3492 est
809 3439 963 3510 eloquentia.
974 3440 1045 3490 Brut.
1055 3437 1098 3508 59.
1106 3441 1169 3492 Rau.

132 3512 252 3584 blematis
268 3514 399 3589 (Dialoyo
420 3521 475 3571 sine
495 3518 578 3571 dubio
596 3517 628 3572 de
707 3519 733 3586 4
745 3517 915 3590 Manifestum
926 3517 1124 3591 iterudr‘nqcnii
1133 3517 1171 3569 lu·

132 3592 279 3663 quibusdum
291 3594 449 3663 Quintiliani
461 3595 640 3662 locic,Vene··
672 3616 741 3650 men.
757 3599 819 3650 Nou
835 3597 886 3649 fuir
902 3596 1069 3649 observatum
1085 3599 1112 3648 in
1124 3597 1170 3648 nl-

132 3672 184 3737 riis,
200 3671 278 3740 1490,
290 3671 380 3744 edito)
392 3690 536 3739 memorare
548 3675 628 3729 Codi-
672 3676 735 3728 dina
744 3675 860 3728 secunda
869 3673 1018 3748 diliqentius
1026 3677 1168 3749 recemiro,
1237 3683 1242 3691 '

133 3767 202 3816 cem,
219 3749 267 3802 ubi
287 3751 358 3803 Getoe
374 3751 468 3806 viderit
482 3772 532 3825 pro
549 3765 627 3820 nato,
672 3767 703 3807 ut
710 3755 815 3826 praefert
824 3753 915 3808 titulru
928 3756 990 3807 anni
1005 3753 1084 3820 1521,
1096 3773 1168 3806 csse:

132 3829 207 3880 refert
215 3829 571 3885 Pithoeustllebebatsaltern
579 3851 628 3904 pro
672 3832 840 3905 manifestum
852 3836 914 3906 jam
938 3834 1038 3907 ingenii
1062 3833 1168 3898 lumen,

136 3906 201 3960 Getae
217 3908 297 3961 scribi
317 3909 412 3975 Gallo,
428 3910 500 3982 quod
518 3913 629 3966 fortasse
674 3929 755 3984 quum
770 3914 798 3964 iu
813 3914 902 3984 priore
917 3915 979 3965 anni
999 3911 1064 3976 1514
1080 3915 1113 3965 sit
1128 3931 1170 3962 re·

135 4001 283 4060 corruptum
301 3989 380 4042 fuerit
399 3991 425 4043 in
440 4003 537 4064 quoto,
557 4003 627 4045 nuto.
673 4003 758 4062 cepta.
777 3993 808 4042 ln
825 3989 997 4044 Almelovenii
1015 3991 1112 4042 Codice
1132 3992 1172 4040 iri·

135 4063 195 4118 Vide
209 4085 232 4120 v.
248 4085 272 4120 c.
285 4069 340 4121 Cic.
356 4067 390 4121 ad
403 4069 460 4124 Dir.
473 4072 501 4137 1,
514 4087 540 4141 9.
554 4071 627 4124 bert.
660 4069 734 4124 *dem
745 4087 781 4122 m.
794 4068 893 4144 inqenii
904 4068 1003 4135 tumen,
1016 4070 1113 4124 omisso
1126 4068 1175 4120 iter

1308 4116 1323 4175 l
