2648 4852
130 379 153 452 6
363 381 537 448 GEORG.
562 381 671 447 LUD.
695 381 936 448 SPALDING

132 509 250 573 norma
267 502 449 582 scribendi,
469 526 569 592 quom
587 514 748 594 ὁρθογραφίᾳν
767 502 924 585 dicimus,
939 504 1072 572 videtur
1091 532 1176 597 pau·

132 610 179 677 cis
194 607 397 690 ostendenda
408 625 444 674 et
456 606 653 686 vindicanda
666 631 721 690 ea,
736 628 837 698 quam
850 611 980 700 ipsein
990 611 1055 679 hoc
1073 636 1175 701 opere

133 716 287 804 expressi.
301 713 482 803 Apparebit
493 713 672 802 unicuique
680 714 889 803 inspicienti,
906 739 965 781 me*
973 721 1176 805 pronuncia·

132 820 484 902 tioniswetvocalitatis
502 818 662 908 majorem
675 842 795 884 euram
813 819 967 889 hahuisse
986 845 1086 912 quam
1105 842 1177 914 ety-

132 948 275 1005 morum.
293 925 374 1016 Ejus
389 925 530 990 instituti
546 924 793 1006 defensionem,
811 929 1175 1015 praeteranctoritatem

132 1030 295 1103 Codicum
313 1031 549 1119 plerorumque
566 1030 621 1113 (in
639 1030 760 1120 quihus
777 1054 856 1096 mro¹
868 1031 1050 1122 quidquam
1068 1034 1176 1099 simile

132 1137 282 1215 invenias
296 1135 465 1203 hodierna
479 1136 627 1217 virorum
643 1129 821 1202 doctorum
834 1135 1012 1225 diligentiae
1026 1136 1178 1208 adscribo

114 1325 117 1331 Ι
134 1239 307 1318 adcurate„
318 1239 437 1319 ideireo
451 1241 699 1331 usurpantium)
712 1243 881 1332 multaque
896 1259 1088 1330 argumenta
1102 1267 1177 1334 quae

133 1347 289 1436 persequi
303 1346 403 1436 hujus
415 1369 483 1425 non
498 1364 548 1412 est
560 1346 642 1427 loci,
657 1364 804 1436 paratam
817 1346 902 1426 mihi
915 1348 1066 1414 existimo
1079 1349 1115 1414 in
1128 1351 1178 1437 ip·

134 1454 221 1533 sius,
240 1475 342 1542 quem
362 1452 445 1534 edo,
465 1453 635 1542 scriptoris
655 1452 815 1522 doctrina.
838 1454 913 1536 Quo
936 1455 971 1518 in
990 1476 1113 1541 genere
1132 1453 1176 1520 ad

133 1542 233 1647 primi
248 1558 324 1635 libri
341 1560 519 1647 septimum
536 1575 635 1647 caput
651 1558 809 1624 lectorem
826 1559 947 1635 iterum
958 1558 1094 1648 ahlego;
1109 1583 1178 1648 quo

134 1663 423 1744 suntconferenda
434 1665 531 1741 etiam
544 1687 584 1728 ea
592 1687 666 1753 quae
677 1662 886 1752 disputantur
896 1667 955 1744 IX,
968 1671 1005 1746 4,
1016 1666 1056 1731 36
1066 1688 1177 1754 seqq„

135 1770 216 1850 item
226 1771 294 1848 xl,
316 1771 353 1850 3,
374 1770 432 1850 34,
449 1770 507 1849 35,
524 1792 725 1859 quamquam
744 1770 817 1834 istis
834 1768 915 1834 locis
934 1771 1179 1858 pronunciatio·

134 1896 213 1951 nem
231 1875 334 1962 magis
353 1891 484 1953 tractat,
503 1897 647 1963 quaeum
667 1875 1102 1962 tamen-conjunctissimam
1122 1875 1180 1939 de»

135 1995 297 2063 monstret
316 1981 511 2067 scripturam
528 1983 560 2059 1,
578 2003 606 2066 7,
626 1981 685 2058 3o;
702 1977 778 2058 vide
794 1977 840 2071 ad¹
855 1982 921 2059 111,
942 1980 980 2060 8,
1000 1979 1052 2047 16.
1070 1979 1179 2057 Video

134 2108 254 2174 magna
265 2103 403 2175 exparte
415 2086 654 2161 obstaresectae
662 2088 1017 2161 nostraeauctoritatem
1029 2104 1063 2151 et
1071 2111 1180 2157 exem·

135 2190 230 2280 plum
240 2192 343 2279 ipsius
353 2193 535 2272 Ciceronis,
547 2193 640 2282 cujus
650 2210 761 2258 tamen
770 2211 919 2257 mussans
930 2191 1016 2256 adeo
1025 2193 1179 2280 religiose

135 2295 296 2376 vindicari
303 2297 415 2378 miror,
426 2321 530 2386 quum
538 2317 676 2369 omissio
683 2297 1069 2387 rejiciaturvulgo‚-etvix
1077 2296 1180 2367 fando

135 2400 257 2482 audita
268 2402 309 2467 sit
330 2402 511 2490 aequalibus
529 2403 660 2473 uostris.
681 2400 853 2466 Scribendi
869 2402 1031 2467 rationem
1048 2401 1178 2475 dintur-

135 2510 221 2573 nitas
235 2510 394 2597 temporis
407 2509 491 2575 solet
504 2509 662 2596 levigare,
678 2525 711 2573 et
724 2530 800 2573 cum
810 2508 1085 2596 pronunciatione
1098 2531 1178 2574 eon-

135 2613 263 2692 silium,
279 2636 383 2701 quum
397 2613 468 2701 jam
485 2614 520 2679 in
537 2614 655 2701 vulgus
674 2630 791 2677 uotum
810 2629 843 2677 et
860 2614 1108 2702 frequentatum
1128 2629 1179 2678 est

136 2743 237 2787 omne
248 2719 313 2784 hoc
326 2720 509 2791 litterarum
525 2719 789 2807 usurpandamm
803 2720 992 2807 negotium,
1011 2742 1079 2791 non
1093 2721 1179 2783 intra

134 2824 312 2892 doctorum
326 2824 463 2913 collegia
474 2825 664 2901 coercitum.
678 2824 927 2895 Remittendum
940 2841 994 2898 est
999 2822 1125 2913 aliquid
1136 2823 1179 2889 de

137 2934 357 3022 etymologico
368 2934 431 2998 isto
441 2933 565 3021 rigore,
577 2947 610 2996 et
620 2930 756 2997 eruditis
766 2931 1002 3020 quaestionibus
1015 2953 1178 3019 seponen-

136 3037 221 3107 dum.
239 3037 292 3116 id,
315 3036 406 3127 quod
429 3037 580 3113 hominos
599 3037 647 3102 illi
672 3036 841 3101 «multum
862 3036 1042 3116 litterati»,
1064 3035 1179 3125 quales

135 3141 280 3231 appellat
294 3143 414 3208 Fabius
429 3145 479 3226 (l,
496 3143 533 3222 6,
551 3146 626 3226 21),
641 3142 796 3207 volebant
812 3142 874 3230 ipsi
893 3143 1062 3229 scripturae
1078 3142 1179 3207 infer·

135 3247 221 3326 cire,
234 3271 314 3324 non
337 3269 432 3322 secus
451 3270 493 3321 ,ac
513 3249 547 3325 si,
563 3264 734 3313 stemmata
757 3264 796 3321 et,
811 3244 1178 3334 prosapias-verborum

135 3350 319 3421 conderent
344 3331 543 3432 scribentei,
571 3375 674 3440 quum
700 3374 799 3417 omne
822 3351 1014 3428 litterarum,
1028 3350 1177 3427 officium

134 3473 309 3544 praestetur
317 3456 490 3535 reddendo
500 3456 642 3523 fideliter
650 3479 725 3544 quae
733 3455 896 3521 audimus.
907 3455 1078 3545 Ejusmodi
1088 3472 1178 3527 certe

135 3560 268 3625 videtur
288 3584 359 3627 esse
377 3584 463 3633 sanae
482 3563 616 3643 rationis
635 3560 806 3627 decretum
821 3562 856 3625 in
874 3558 1177 3650 hac1causa,quod

134 3665 244 3753 ipsum
260 3684 369 3731 tomen
384 3690 461 3732 cum
472 3667 720 3747 modo,·contra
733 3666 1024 3744 consuetudinem,
1041 3687 1113 3733 esse
1128 3688 1177 3732 se·

135 3770 309 3862 quendum
322 3773 564 3853 Fabiussdocet.
622 3819 625 3825 -
654 3828 657 3835 .
1049 3832 1064 3845 ,.

164 3878 302 3957 'Praeter
320 3878 421 3965 ipsius
433 3879 603 3967 scriptoris
617 3900 755 3959 nomen,
772 3879 904 3967 qualem
918 3880 1009 3966 operi
1024 3876 1178 3947 suotitur

135 3979 210 4049 lum
217 3982 348 4065 fecerit,
361 3984 556 4073 investigare
567 4007 676 4075 operae
685 3986 828 4074 pretium
842 4001 901 4049 est.
916 3985 954 4060 ln
966 3981 1030 4048 lios
1043 4003 1178 4072 quoque
