2648 4852
185 386 227 452 30
417 324 593 448 Gaura.
619 377 729 444 LUD.
753 371 992 444 SPALDI'NG

184 506 265 572 tiam
279 505 312 571 et
326 502 547 571 eruditionem
560 524 646 591 saepe
658 502 795 591 agnovi,
815 501 879 566 fuit
894 501 993 566 etiam
1008 496 1066 564 ubi
1084 520 1228 591 praerep·

184 629 252 678 tam
261 613 405 701 aliquam
415 610 638 701 conjecturam
650 607 807 673 dolerem.
820 606 885 673 Sed
894 607 1027 672 lectoria
1035 627 1103 670 non
1113 607 1230 687 refert,

186 720 214 785 si
225 718 307 808 quid
318 719 389 782 veri
403 734 453 782 est
466 717 657 794 inventum,
672 730 784 779 utrum
796 713 862 779 boc
873 713 985 804 plures
998 711 1154 803 deinceps
1167 714 1232 802 ipsi

185 824 344 902 viderint,
367 847 409 888 an
428 845 515 888 unus
533 820 636 887 semel
654 821 853 886 monstrarit.
875 817 1059 883 Plurimum
1073 818 1232 884 conduxit

185 928 267 993 mibi
289 928 384 995 labor
402 931 428 992 Ι.
448 931 485 993 C.
507 927 546 992 Τ.
566 927 712 1006 Ernesti,
738 925 934 1016 professoris
953 924 1150 1013 Lipsiensis,
1172 926 1232 1014 qui
1319 935 1323 941 ’

186 1035 360 1124 utriusque
375 1034 496 1121 linguae
510 1030 770 1120 technologiam,
787 1055 888 1121 quam
902 1047 1013 1110 vocat,
1030 1027 1231 1096 rhetoricam

186 1139 405 1228 singularibus
428 1138 520 1203 libris
543 1155 736 1226 persecutus
759 1153 819 1202 est.
845 1137 953 1227 Major
970 1135 1107 1226 quidem
1130 1135 1232 1225 hujus

186 1243 363 1309 voluminis
375 1264 450 1331 pars
463 1242 549 1333 typis
562 1243 660 1308 etiam
673 1265 825 1330 expressa
837 1258 920 1322 erat,
935 1257 1114 1331 antequam
1124 1241 1167 1306 ad
1176 1265 1233 1306 me

185 1350 391 1439 perferretur
408 1347 581 1414 rhetoricae
598 1351 754 1412 Romanae
772 1348 918 1429 lexicon3
932 1347 1104 1436 apparebit
1119 1363 1232 1418 tamen

186 1452 335 1541 legendis
349 1453 437 1519 notis
450 1453 550 1533 meis,
567 1469 729 1542 qnantum
743 1454 875 1543 utrique
890 1453 984 1543 operi
998 1451 1148 1518 debeam.
1166 1454 1253 1527 Ge·-

188 1558 289 1648 doyni
301 1559 593 1647 Francogallicam,
608 1576 641 1624 et
650 1558 773 1623 Henkii
785 1561 823 1622 V.
838 1561 875 1624 R.
887 1559 1117 1624 Germanicam
1127 1558 1232 1641 Quin-

169 1714 174 1723 ,
187 1664 290 1729 tiliani
301 1665 489 1729 versionem
498 1664 699 1729 inconsultas
710 1686 777 1728 non
787 1663 996 1751 praetermisi,
1007 1663 1110 1752 magis
1120 1668 1231 1729 tamen

187 1768 296 1834 adhuc
315 1786 495 1857 occupatus
514 1770 548 1861 in
566 1770 637 1848 illa,
657 1769 820 1858 quoniam
833 1767 889 1833 hic
907 1791 975 1832 non
996 1768 1059 1832 nisi
1079 1768 1232 1856 exiguam

186 1875 337 1964 priorum
353 1875 514 1939 librorum
528 1892 656 1971 partem
670 1876 703 1939 in
721 1875 890 1962 epitomen
905 1894 999 1938 suam
1014 1873 1162 1939 contulit.
1177 1873 1236 1939 Sic

187 1980 414 2045 brevissimam
424 1981 592 2067 scriptoris
605 1981 671 2044 mei
682 1979 875 2068 particulam
885 2002 905 2044 a
916 1978 1058 2045 Gedikio
1067 1980 1108 2043 V.
1118 1959 1231 2044 Celeb.

187 2085 294 2175 patrio
307 2108 460 2151 sermone
475 2085 638 2150 redditam
651 2087 685 2150 in
698 2085 783 2151 libro
798 2087 851 2152 cui
865 2085 997 2150 titulum
1009 2086 1089 2151 fecit
1099 2082 1231 2152 Arato·

188 2191 266 2257 teles
280 2189 349 2256 und
358 2188 537 2266 Basedow,
548 2191 703 2256 comitem
714 2186 816 2257 habui
828 2191 950 2257 laboris
961 2190 1041 2271 mei,
1053 2190 1232 2280 sed,'quod

188 2295 358 2376 dolebam,
376 2319 493 2385 parurn
507 2286 707 2362 diuturnam.
728 2298 844 2363 Evolvi
860 2299 960 2362 etiam
976 2296 1123 2363 Italicam
1140 2297 1232 2362 Fabii

187 2402 391 2482 versionem,
408 2402 531 2467 editam
542 2401 700 2467 Vercellis
719 2403 800 2491 1780
814 2425 833 2465 a
848 2401 1001 2480 Garillio,
1015 2403 1230 2482 Taurinensi,

188 2505 248 2570 sed
260 2506 326 2571 cito
337 2505 458 2594 abjeci,
472 2528 576 2594 quum
590 2529 658 2586 eas,
674 2529 755 2596 quas
770 2506 884 2571 titulus
896 2504 1123 2594 pollicebatur,
1138 2524 1234 2572 notas

189 2611 322 2675 nonnisi
332 2633 372 2674 ex
381 2609 570 2697 vulgaribus
581 2611 781 2676 editionibus
792 2628 936 2678 corrasas
946 2611 1108 2694 viderem,
1119 2636 1235 2701 agnos·

188 2737 300 2780 cerem
318 2738 417 2795 vero,
441 2714 601 2803 imparem
621 2719 772 2806 profecto
790 2717 833 2782 ad
851 2716 915 2783 hoc
934 2741 1019 2805 opus
1036 2720 1231 2800 accessisse,

189 2821 247 2910 qui
267 2820 459 2910 palmariam
480 2820 569 2885 illam
586 2823 870 2911 Argentoratensis
886 2823 1018 2890 Codicis
1035 2825 1234 2913 scripturam

191 2928 255 3004 ΙΙΙ,
268 2950 297 3014 7,
316 2948 368 3014 19,
382 2925 440 2989 ubi
453 2927 525 2991 Irus
536 2929 717 3015 reponitur,
730 2929 792 2995 hac
803 2929 1015 2995 annotatione
1028 2930 1237 2997 instruxisset

190 3030 296 3097 dicam
308 3055 350 3096 an
363 3032 584 3122 inquinasset:
604 3037 659 3098 usi
665 3033 760 3100 crede
771 3037 808 3120 (o
817 3035 1000 3122 simplicem
1010 3053 1234 3118 narratorem,

191 3138 249 3228 qui
270 3137 400 3202 nullum
419 3160 518 3203 suum
539 3141 728 3228 interponat
741 3139 943 3232 judiciuml)
960 3140 1020 3206 che
1041 3143 1068 3207 il
1085 3158 1165 3208 testo
1182 3147 1235 3208 sair

190 3245 360 3308 sconciato.
372 3271 385 3301 r
405 3243 541 3308 Adeone
558 3244 729 3332 ignorabat
746 3248 851 3326 lrum,
869 3263 906 3311 ut
923 3247 1008 3311 miro
1027 3257 1118 3335 ἑρμαίῳ
1138 3269 1235 3312 sana-

110 3344 114 3352 ’
189 3364 262 3411 tum
273 3346 385 3412 locum
398 3349 497 3413 etiam
506 3368 699 3439 corruptum
710 3337 1046 3442 crederet,'quoniam
1057 3366 1136 3416 sane
1149 3355 1235 3441 Cap-

190 3453 425 3542 peronnerius,
441 3477 480 3518 ex
495 3479 562 3545 quo
577 3458 648 3522 lere
661 3459 801 3547 pendet,
816 3458 859 3524 ad
872 3461 1055 3523 Homerum
1067 3480 1135 3524 non
1147 3458 1238 3524 able·

190 3558 303 3646 gabat,
320 3559 410 3648 quod
422 3560 523 3625 modo
536 3563 569 3626 in
582 3564 735 3629 Thersite
747 3567 892 3631 fecerat?

234 3668 323 3729 Dum
333 3689 412 3730 vero
421 3669 570 3755 priorum
581 3671 615 3735 in
628 3673 787 3762 scriptore
800 3696 875 3737 meo
886 3693 1014 3738 errores
1022 3671 1127 3736 libere
1137 3687 1235 3752 noto,

190 3794 259 3834 non
281 3794 355 3836 sum
380 3773 513 3860 ignarus
534 3795 691 3865 quantam
714 3803 776 3868 ego
800 3780 943 3845 vicissim
965 3774 1235 3867 reprehendendi

189 3877 361 3973 materiam
383 3882 599 3968 sequentibus
624 3884 826 3974 reliquerim.
850 3885 957 3966 Quam
981 3900 1035 3962 ut,
1059 3904 1121 3970 pro
1147 3882 1235 3945 virili

189 4000 300 4072 parte,
316 4006 516 4074 praesumam
536 4005 568 4055 et
584 3991 748 4074 minuam,
768 4012 898 4080 eaquae
918 3989 1003 4054 inter
1022 3988 1106 4079 preli
1124 4009 1237 4054 moras
