2648 4852
157 441 162 448 -
217 403 255 468 18
445 396 620 464 GEORG.
644 397 753 461 LUD.
777 396 1015 462 SPALDING

210 527 299 591 relato
308 521 465 589 tanubus:
477 544 516 586 ac
527 519 775 587 reluctantibus.
783 518 1010 586 Ducitididen:
1020 519 1252 610 Thucydiden.

108 697 110 701 ,
208 628 403 697 Ancineta:
426 636 560 696 ἀσύνδετα.
586 664 622 676 -
650 629 767 715 Neque
786 640 873 692 rem
901 628 1066 693 existimes
1087 627 1192 692 multa
1218 629 1255 692 in

209 733 418 802 emendando
439 733 629 821 praestitisse
649 734 844 798 correctoris
867 733 1038 820 ingenium
1059 747 1160 822 atque
1182 731 1257 797 din-

208 842 370 930 gentiam,
385 855 423 903 ut
436 860 498 904 nec
509 837 552 904 ab
564 839 881 926 interpretamentis,
891 860 967 927 quae
976 838 1032 904 hic
1043 839 1110 904 illic
1120 860 1255 927 aspersa

207 965 300 1028 sunt,
324 947 468 1012 multum
487 947 599 1010 auxilii
616 948 726 1012 venit:
747 965 786 1012 ea
806 948 896 1012 enirn
914 947 1043 1026 omnia,
1063 947 1091 1012 si
1109 969 1179 1013 non
1197 946 1254 1010 ab·

206 1052 320 1134 surda,
333 1069 421 1119 certe
432 1050 600 1142 superflua
610 1066 696 1118 sunt.
707 1054 830 1136 Quum,
840 1076 872 1118 v.
881 1074 911 1118 c.
922 1054 985 1132 lX,
995 1053 1025 1132 3,
1035 1050 1088 1133 56,
1097 1053 1254 1119 Africano

205 1161 363 1225 virtutem
374 1157 552 1238 industria,
568 1159 672 1223 virtus
687 1158 841 1246 glutiam,
856 1159 960 1246 gloria
973 1157 1112 1223 mulos
1121 1179 1256 1246 compa-

204 1288 293 1331 rasse
313 1264 443 1343 dicitur,
463 1265 540 1352 pius
557 1265 721 1352 interpres
739 1264 880 1352 margini
898 1263 1037 1354 adjecit:
1055 1264 1133 1328 «Tu
1151 1282 1252 1343 vero,

209 1371 397 1449 aD0mine,
424 1385 599 1458 susceptor
619 1385 738 1449 meus,
757 1389 796 1434 cs
816 1370 920 1457 gloria
940 1392 1032 1448 mea,
1053 1384 1086 1433 et
1109 1367 1257 1433 exaltans
1304 1394 1319 1453 2

209 1490 337 1564 «caput
351 1490 473 1539 meum.
490 1504 502 1533 n
522 1477 564 1539 Et
577 1475 730 1540 alioloco
744 1478 796 1559 (Ι,
814 1475 850 1556 5,
868 1475 942 1563 57),
958 1475 1017 1539 ubi
1029 1474 1255 1556 Quintilianus

204 1579 247 1645 de
264 1580 376 1670 gradis
393 1582 556 1669 loquitur,
577 1581 689 1646 citavit
706 1581 825 1670 aliquis
844 1603 884 1647 ex
901 1582 968 1646 vita
985 1581 1033 1647 Sti
1050 1580 1135 1644 Mari
1150 1579 1256 1645 verba

203 1684 297 1751 haec:
324 1685 501 1752 «Audistis
527 1708 582 1756 me
605 1702 643 1750 ut
668 1685 889 1774 gurdonicum
914 1686 1124 1752 hominem.»
1152 1687 1253 1751 Hunc

203 1793 314 1880 ipsum
328 1791 440 1856 locum
458 1812 476 1856 e
490 1789 627 1880 Sulpicii
641 1791 754 1856 Severi
771 1792 855 1856 Diui.
876 1815 909 1871 r,
924 1815 952 1856 c.
970 1814 1021 1880 27,
1041 1792 1140 1856 affert
1157 1790 1256 1857 Colo-

204 1899 328 1962 mesius
345 1896 388 1961 ad
406 1898 518 1980 Quint.
539 1914 743 1988 quapropter
760 1893 892 1986 prosu
907 1897 1004 1962 Mari
1018 1898 1086 1962 vita
1103 1897 1256 1985 suspicor

205 1998 298 2084 eum,
321 2005 380 2092 qui
397 1998 469 2069 haec
490 2004 657 2084 allineret,
676 2002 819 2068 voluisse
841 2000 896 2069 Sa·
914 2004 1074 2079 Martini,
1091 2003 1256 2093 <proniani

204 2109 344 2174 Severus
362 2110 429 2197 agit
449 2108 491 2173 de
513 2109 596 2189 hoc,
622 2131 689 2174 non
711 2109 753 2174 tle
774 2108 841 2174 illo.
869 2110 1024 2174 a-Formae
1045 2109 1256 2190 litterarum,

205 2229 311 2305 quum
327 2215 536 2306 exigerentur
551 2212 593 2279 ad
611 2214 737 2294 tabulas
754 2214 955 2293 mabillonii,
976 2231 1010 2280 at
1023 2215 1256 2281 Benedictino»

205 2344 296 2400 rum,
315 2321 350 2384 in
369 2342 457 2390 novo
478 2343 581 2410 opere
595 2321 834 2410 Diplomatico,
854 2322 1080 2408 apparuerunt
1095 2321 1197 2400 tales,
1215 2337 1257 2386 ut

205 2424 319 2490 Codex
330 2441 443 2514 posset
456 2418 575 2492 octavo
587 2427 640 2490 vel
653 2448 743 2491 nono
756 2424 877 2490 sacculo
888 2424 1005 2504 tribui,
1017 2426 1104 2491 infru
1115 2424 1256 2491 undeci-

205 2524 299 2593 mum
308 2532 352 2615 (4)
362 2547 451 2594 certe
462 2532 515 2595 vix
525 2529 705 2595 amandari.
719 2533 768 2595 Ex
777 2530 893 2594 ultima
901 2552 981 2594 vero
993 2529 1125 2596 Codicis
1135 2531 1257 2620 pagina

205 2636 410 2726 antiquitatis
430 2653 664 2724 argumentum
681 2636 761 2700 satis
783 2635 954 2724 probabile
976 2636 1095 2702 confici
1115 2637 1257 2703 fortasse

205 2741 338 2830 poterit.
360 2743 498 2830 Legitur
519 2744 608 2808 enim
629 2743 663 2805 in
680 2741 751 2805 line
768 2741 900 2821 tituluS,
921 2737 999 2806 cum
1015 2764 1158 2806 numero
1176 2743 1259 2809 nuni
1295 2752 1297 2759 ‘

205 2847 475 2927 MGCCGXLVI,
489 2849 584 2938 cujus
599 2848 760 2935 scriptura
774 2870 851 2913 cum
868 2847 906 2912 iis
920 2847 1258 2928 litterarum-formis,

208 2973 282 3042 quae
296 2952 367 3041 ejus
379 2956 539 3041 temporis
552 2955 714 3031 feruntur,
728 2954 773 3017 ita
788 2954 958 3032 convenit,
974 2969 1014 3017 ut
1026 2952 1167 3018 dubium
1182 2975 1259 3021 esse

207 3082 276 3122 non
297 3060 417 3146 possit,
434 3061 518 3147 quin
538 3081 616 3123 vere
636 3060 799 3147 ascriptus
820 3061 862 3124 sit
882 3061 942 3124 iste
961 3081 1077 3125 annus.
1096 3059 1259 3148 Superius

206 3165 270 3229 alia
288 3166 436 3230 cernitur
455 3166 643 3253 inscriptio,
663 3165 756 3254 cujus
776 3166 829 3228 vix
846 3164 983 3253 singulae
999 3164 1118 3230 litterae
1135 3186 1257 3252 agnos-

208 3284 339 3334 cuntur.
351 3272 445 3334 Hanc
454 3270 517 3334 alia
527 3269 698 3357 praecedit,
708 3293 807 3359 quam
817 3270 913 3334 facile
923 3267 1054 3335 dnobus
1061 3268 1257 3357 pluribusve

209 3373 337 3440 sacculis
353 3376 574 3464 antiquiorem
589 3374 730 3465 judices.
743 3379 771 3441 A
786 3398 851 3466 qua
867 3398 935 3440 non
949 3375 1079 3440 minore
1093 3377 1257 3464 temporis

209 3478 383 3542 intervallo
403 3479 523 3545 distare
542 3480 675 3546 videtur
690 3483 815 3570 primus
835 3482 890 3545 ille
909 3482 1040 3560 titulus,
1056 3503 1157 3570 quern
1173 3479 1255 3546 dixi·

209 3607 285 3649 mus
299 3585 421 3649 librum
436 3586 525 3652 hunc
542 3590 742 3655 monasterio
758 3589 866 3654 Sancti
883 3587 968 3654 Galli
983 3586 1162 3653 vindicaret
1182 3589 1255 3654 Huc

210 3714 315 3756 unum
331 3691 476 3781 denique
491 3693 664 3759 addimus:
680 3694 800 3759 librum
815 3694 905 3759 hunc
917 3693 1112 3776 Quintiliani
1129 3692 1255 3759 linam-

138 3794 141 3800 ’
164 3888 172 3902 ·
211 3821 286 3862 rum
301 3799 475 3863 initialium
487 3817 751 3890 caeterarumque·
759 3802 874 3866 formis
888 3817 920 3864 et
933 3799 1059 3878 colore,
1073 3797 1253 3865 scribendi·

211 3926 277 3994 que
294 3905 500 3992 compendiis
519 3899 595 3970 sutis
614 3924 764 3972 accurate
781 3907 959 3971 convenire
976 3927 1052 3970 cum
1068 3925 1254 3998 sacramen·

213 4011 295 4075 tario
308 4010 454 4100 quodam
465 3991 682 4101 sangallensi,
698 4013 813 4079 itidem
823 4013 857 4076 in
867 4009 1069 4077 bibliotheca
1078 4010 1253 4077 Turicensi
