2648 4852
144 402 187 492 xij
538 397 799 464 Panemo.

143 526 303 622 cogerer,
315 537 382 594 aut
392 524 520 620 inopia
532 521 717 620 culpaque
730 522 879 595 dicendi
895 523 1055 596 deterere
1066 543 1110 596 ae
1120 543 1199 599 eor·

141 659 329 736 rumpere;
342 638 449 736 juvat
460 655 583 709 tamen
598 637 823 738 subjungere
836 641 983 712 FABIUM
996 638 1091 712 mihi
1106 635 1200 713 sem'·

142 757 345 853 pervisum
362 777 436 824 esse
453 750 689 850 pbilosophis
704 779 782 824 non
800 758 924 825 minus
938 780 1054 854 quam
1068 753 1198 829 rheto-

141 869 244 941 ribus
266 866 611 956 annumerandum,
636 872 779 967 ipsique
798 870 1047 961 Attianorum,
1069 874 1110 942 in
1133 870 1199 945 illa

138 1009 224 1082 qua»
253 988 401 1081 utrique
429 986 641 1054 communis
666 998 718 1054 est
746 1000 867 1081 parte,
890 983 1197 1075 anteferendum

137 1097 230 1169 adeo
253 1101 429 1168 interiora
452 1111 486 1167 et
510 1094 654 1167 occulta
676 1122 802 1169 rerum
826 1097 932 1170 callet
953 1097 1194 1197 perscrutaril

139 1212 232 1283 adeo
252 1234 330 1281 non
351 1210 614 1281 tantummodo
634 1234 806 1309 quoenam
827 1236 883 1283 res
906 1216 997 1301 sint,
1016 1230 1057 1284 et
1068 1213 1197 1312 quales

138 1329 339 1423 expromit,
357 1325 420 1396 sed
438 1324 574 1423 quibus
596 1342 765 1398 constent
783 1325 991 1398 rationibus
1007 1326 1197 1424 patefacit,

139 1465 447 1538 unamquamque
461 1440 508 1512 ad
524 1444 643 1538 prima
658 1465 831 1512 revocans
846 1438 1041 1512 elementa!
1058 1445 1197 1540 quippe

138 1558 205 1652 qui
216 1580 294 1626 non
304 1555 390 1652 jura
406 1555 467 1626 dat
481 1571 602 1643 muta;
618 1554 680 1626 sed
696 1555 790 1654 leges
807 1560 946 1655 irrogat
957 1582 1022 1653 per
1035 1582 1072 1627 se
1084 1560 1196 1654 ipsas,

138 1684 180 1738 ut
191 1672 240 1738 ita
253 1668 391 1758 dicam,
407 1668 613 1767 loquentes,
628 1695 693 1740 sua
706 1674 801 1767 ipsas
811 1675 1011 1768 aperientes
1025 1671 1196 1761 consilia,

138 1809 243 1855 suam
251 1788 506 1855 auctoritatem
516 1784 769 1882 disceptationi
777 1785 971 1874 tradentes,
980 1810 1047 1856 nee
1056 1811 1196 1858 caecum

136 1915 172 1970 et
185 1898 314 1972 servile
327 1913 489 1997 petentes
507 1898 746 1996 obsequium:
769 1925 846 1971 non
867 1903 967 1971 enim
985 1917 1133 1998 accepta
1149 1900 1196 1973 ab

135 2015 427 2086 antecessoribus
438 2014 663 2084 documenta
673 2013 796 2085 solum
806 2030 912 2086 curat
919 2018 1196 2112 posteristrans·

136 2131 333 2219 mittenda,
355 2129 495 2228 probus
514 2145 549 2200 et
567 2127 685 2201 fidelis
704 2128 827 2219 heres3
850 2155 926 2200 non
948 2120 1070 2202 solum
1092 2155 1135 2200 ea
1154 2134 1194 2202 in

136 2243 327 2316 meliorem
343 2244 513 2316 ordinem
528 2243 671 2316 laborat
687 2245 865 2343 digerere,
883 2242 941 2315 vel
955 2249 1135 2316 sermonis
1148 2245 1195 2316 le·

136 2357 290 2457 poribus
312 2375 347 2430 et
367 2363 613 2446 ornamentis,
638 2377 828 2456 tamquam
850 2357 1016 2456 quodam
1035 2355 1146 2448 fuco,
1173 2384 1195 2430 a

134 2478 238 2544 senio
260 2491 294 2544 et
314 2477 414 2572 rugis
429 2472 634 2562 vindicare,
651 2471 807 2570 diligens
821 2487 856 2542 et
868 2488 1028 2543 attentus
1041 2478 1196 2572 sospita·

135 2604 213 2658 tor:
231 2587 348 2658 tendit
358 2588 404 2658 ad
417 2589 561 2685 majora
570 2592 638 2676 vir,
649 2591 715 2685 qui
728 2591 798 2657 nisi
810 2591 958 2659 inventa
970 2587 1200 2685 jampridem·

134 2700 332 2773 rhetorices
347 2719 476 2774 nactus
496 2718 584 2773 esset
598 2719 800 2800 praecepta,
814 2706 891 2799 ipse
904 2701 1071 2800 profecto
1087 2705 1193 2774 iuve-

135 2821 266 2890 nisset:
298 2816 584 2902 animadvertas,
608 2816 741 2902 velim,
770 2842 844 2916 qua
870 2841 990 2915 usque
1012 2832 1047 2887 et
1073 2843 1194 2916 usque

133 2948 314 3031 grassetur
336 2935 411 3002 via:
437 2931 757 3028 quemadmodum
780 2929 1136 3028 philosophantibus
1163 2939 1191 3004 is

133 3052 341 3145 praecipuus
352 3045 457 3117 labor
469 3062 537 3134 est,
550 3062 592 3117 ut
606 3046 653 3117 ab
663 3044 853 3118 effectibus
868 3050 1011 3117 naviter
1024 3052 1192 3144 recogni-

133 3166 178 3233 tis
192 3188 234 3233 ac
249 3165 434 3259 perpensis
449 3160 496 3232 ad
513 3186 644 3232 eorum
659 3185 785 3232 causas
800 3160 1061 3232 transcendant
1074 3165 1191 3233 inves-

133 3278 317 3377 tigandas3
339 3277 388 3347 ita
410 3301 552 3373 semper
568 3280 861 3370 Qummtmnutt,
881 3278 1072 3373 proposito
1091 3301 1192 3346 uno-

132 3418 284 3492 quoque
296 3415 371 3462 suae
383 3391 561 3463 ductrinae
572 3396 705 3490 capite,
720 3392 767 3462 ad
779 3390 909 3462 altiora
922 3389 1140 3478 transvolat,
1155 3403 1191 3462 ct

132 3533 176 3578 ex
195 3509 280 3603 ipsis
299 3511 430 3576 mentis
451 3504 626 3578 humanae
645 3505 894 3604 penetralibus
917 3504 1045 3576 lumen
1070 3504 1188 3595 elicit,

92 3626 96 3631 ’
132 3645 209 3720 quo
229 3644 358 3692 omnes
376 3619 566 3692 collustret
583 3625 670 3692 artis
690 3625 877 3709 oratoriae,
895 3623 924 3690 si
943 3623 992 3690 ita
1011 3618 1117 3717 loqui
1136 3618 1189 3691 fas

132 3751 200 3822 est,
216 3733 389 3833 angulos,
402 3759 509 3834 sagax
522 3752 557 3807 et
571 3734 656 3807 felix
671 3736 926 3807 reconditioris
938 3734 1121 3833 cujusque
1133 3761 1189 3806 ar-

132 3855 216 3922 cani
227 3850 436 3948 indagator3
450 3851 569 3940 unde,
579 3855 645 3949 qui
658 3876 773 3921 unam
786 3847 951 3947 profiteri
962 3848 1188 3920 rhetoricam

130 3969 276 4055 statuit,
296 3980 411 4036 totam
428 3963 575 4036 videtur
593 3990 765 4038 reserasse
784 3970 997 4038 animorum
1015 3968 1187 4063 ingenio-

129 4104 288 4180 rumque
302 4094 487 4152 naturam.
830 4099 833 4105 ·
