2648 4852
234 437 275 487 ao
464 414 640 482 GEORG.
665 414 775 480 LUD.
799 414 1038 483 SPALDING
1082 452 1084 455 ·

230 539 463 627 transcriptum
475 536 829 632 quintidecimisaeculi
840 540 951 620 initio,
961 539 1067 629 probe
1080 539 1275 630 dignoscere

212 671 214 674 ’
229 645 376 734 potuerit
387 640 587 723 Bandinius,
603 666 703 708 nemo
719 642 892 710 dubitabit.
907 646 1030 710 Nititur
1041 662 1152 711 autem
1167 648 1278 714 claris-

229 753 331 819 simus
339 749 611 816 bibliothecarius
620 738 747 838 magnis
754 751 906 841 profecto
916 751 1276 841 auctoribustprimum

229 857 353 945 Poggio
363 857 451 945 ipse,
465 857 524 945 qui
537 857 635 921 variis
645 857 680 919 in
691 855 772 921 locis
784 857 913 945 (neque
922 873 1033 921 tamen
1045 879 1083 921 ea
1095 857 1275 925 Bandinius

179 989 181 994 ·
228 963 399 1051 apposuit,
413 985 524 1051 neque
538 961 670 1044 citavit)
683 959 887 1051 archetypon
900 962 1094 1045 Quintiliani
1107 963 1141 1026 in
1153 962 1275 1029 biblio·

227 1067 359 1132 thecam
367 1068 478 1132 Gosmi
487 1066 632 1132 Medicei
642 1069 677 1129 P.
688 1069 723 1131 P.
734 1067 836 1132 fuisse
847 1068 974 1132 illatum
986 1084 1142 1149 testetur3
1150 1068 1274 1159 deinde

228 1171 395 1260 Raphaele
406 1170 672 1260 Regio,quihaec
683 1169 770 1236 dicat
779 1172 814 1235 in
823 1170 909 1236 libro
919 1172 1092 1260 inscripto,
1102 1171 1144 1237 In
1153 1171 1274 1239 ducen-

228 1294 280 1343 tas
297 1276 500 1363 Quintilliani
512 1275 760 1363 depravationes
775 1274 917 1341 ducenta
932 1275 1167 1352 Problemata,
1182 1277 1276 1344 edito

227 1384 351 1448 Patavii
365 1393 462 1470 1491:
478 1381 585 1446 uMihi
594 1404 674 1446 vero
685 1380 1064 1469 astipulatur,vetustum
1073 1380 1155 1446 illud
1166 1405 1279 1447 exem-

226 1489 308 1577 plar,
320 1487 410 1552 unde
420 1489 547 1577 reliqua
559 1486 655 1552 facile
667 1484 866 1551 crediderim
877 1480 979 1551 fuisse
989 1485 1168 1575 descripta,
1181 1487 1274 1577 quod

227 1618 247 1658 a
259 1595 381 1682 Poggio
394 1593 585 1658 Florentino
601 1616 620 1656 e
635 1592 810 1656 Germania
825 1590 960 1668 allatum
976 1613 1066 1656 nunc
1080 1592 1114 1655 in
1129 1593 1280 1681 magnili-

150 1723 156 1731 “
228 1700 416 1764 centissima
426 1699 596 1763 Laurentii
605 1697 745 1763 Medicis
754 1696 955 1762 bibliotheca
966 1697 1274 1785 spectatur.»ldem

209 1836 211 1841 >
227 1805 270 1870 ad
284 1807 390 1893 prima
403 1804 504 1869 verba
521 1803 677 1891 Epistolae
690 1801 733 1866 ad
747 1801 964 1892 Tryphonem
978 1803 1097 1897 similia
1112 1803 1184 1867 fere
1199 1827 1274 1870 mo-

123 1900 125 1905 ’
228 1928 300 1989 net,
314 1911 371 1974 ubi
390 1939 403 1968 o
416 1910 475 1988 sic,
491 1909 616 1998 inquit,
631 1909 667 1972 in
681 1909 903 1972 vetustissimo
918 1907 974 1970 illo
989 1908 1166 1995 exemplari
1181 1907 1274 1997 quod

228 2039 247 2080 a
262 2016 384 2102 Poggio
397 2014 588 2079 Florentino
603 2037 621 2078 e
637 2014 811 2078 Germania
827 2013 907 2077 olim
921 2013 984 2077 fnit
997 2013 1148 2093 allatum,
1162 2038 1275 2103 nuper

228 2120 404 2186 Florentiae
414 2119 513 2207 legi.»
529 2120 592 2183 Hic
603 2143 647 2183 an
656 2142 699 2183 ne
709 2119 851 2183 voluerit
863 2117 1014 2208 quidem,
1027 2117 1089 2183 nisi
1098 2120 1275 2208 transcrip-

228 2241 301 2290 tum
317 2249 337 2289 a
352 2225 474 2312 Poggio
489 2225 677 2314 exemplum
691 2223 891 2312 significare,
906 2224 959 2312 vel
973 2222 1177 2313 archetypon
1191 2225 1275 2289 falso

230 2331 436 2410 existimarit,
455 2330 612 2419 equidem
626 2353 695 2395 non
711 2329 859 2394 dixerim.
876 2330 984 2394 Etiam
998 2332 1113 2394 Petrus
1130 2313 1275 2396 Crinitus

231 2437 273 2502 de
288 2437 427 2500 honesta
441 2436 634 2522 Disciplina,
655 2436 707 2513 18,
726 2457 759 2514 2,
773 2432 929 2499 Codicem
944 2432 1064 2500 hunca
1079 2435 1276 2522 Poggio'ad·

229 2558 363 2607 vectum
377 2540 454 2624 (sed
467 2564 485 2604 e
498 2541 618 2620 Gallia,
634 2541 735 2624 falso)
750 2556 868 2604 namet.
884 2543 959 2627 lpse
973 2556 1083 2604 autem
1099 2540 1275 2629 aliquoties

229 2647 326 2711 initio
335 2663 488 2710 notarum
498 2668 647 2710 mearum
654 2646 856 2732 Poggianum
865 2646 1027 2733 appellavi
1036 2644 1127 2710 hunc
1135 2646 1273 2727 librum,

221 2774 337 2841 ,quum
352 2751 429 2831 ista,
442 2767 586 2839 ‚propter
599 2753 815 2817 Turicenscm
830 2750 986 2815 Codicem
1001 2767 1092 2830 nata,
1111 2740 1276 2817 dubitatio

230 2857 266 2947 in
279 2874 426 2922 mentem
437 2857 588 2922 nondum
599 2857 752 2922 venisset.
768 2859 878 2936 Certe,
889 2855 943 2921 vel
955 2856 1079 2945 absque
1089 2856 1274 2921 Mabillonii

230 2963 422 3046 testimonio
442 2963 573 3042 fuisset,
593 2961 812 3026 verosimilius
831 2977 900 3027 erat
920 2961 1077 3026 codicem
1095 2961 1136 3024 ab
1154 2961 1274 3026 abbate

231 3067 432 3156 Sangallensi
444 3090 637 3133 concessum
647 3069 770 3155 Poggio
782 3090 853 3132 esse
865 3068 975 3155 potins
987 3063 1275 3132 transcribendum

233 3196 333 3262 quam
351 3173 598 3262 asportandum.
618 3175 660 3237 Et
678 3172 720 3236 de
738 3172 927 3260 apographo
946 3187 1085 3237 testatur
1102 3173 1173 3259 ipse
1192 3175 1274 3261 Pog-

233 3279 306 3366 gius
318 3277 395 3363 (vid.
406 3278 501 3342 Fabr.
512 3278 676 3344 Bibl.Lat.
689 3279 783 3357 Ern.,
798 3302 830 3366 p.
846 3261 929 3364 260),
944 3275 1039 3342 sicuti
1049 3291 1163 3346 monet
1174 3271 1273 3343 etiam

232 3372 423 3446 Bandinius.
442 3380 613 3472 Quidquid
632 3381 665 3445 id
684 3399 733 3448 est
748 3382 789 3447 de
806 3381 1016 3447 menaechmis
1032 3379 1095 3446 illis
1113 3381 1274 3447 Codicum
1317 3471 1318 3476 γ

199 3529 200 3533 =
232 3486 513 3574 sangallensium,
538 3503 718 3577 utrumque
740 3487 952 3552 veterrimum
974 3509 1045 3551 esse
1069 3485 1151 3550 mihi
1176 3487 1274 3573 plane

231 3590 433 3681 persuadeo,
446 3615 556 3681 neque
569 3595 657 3656 enim
669 3594 771 3680 magis
786 3616 885 3682 quam
900 3593 1065 3676 Gesnerus
1078 3593 1111 3655 in
1123 3594 1219 3656 Praef.
1231 3589 1273 3657 ad

231 3698 296 3778 Qu.
309 3695 441 3776 dubito,
455 3697 536 3787 quin
548 3696 653 3763 Codd.
666 3699 858 3780 Quintiliani
871 3699 1050 3775 extiterint,
1064 3713 1097 3761 et
1108 3696 1210 3789 hodie
1223 3719 1277 3761 errd

231 3818 317 3881 tent,
335 3803 501 3890 Poggiano
514 3804 715 3893 antiquiores
727 3804 781 3889 vel
795 3805 826 3867 ei
840 3803 954 3868 saltem
968 3802 1119 3892 aequalcs.
1140 3803 1200 3865 His
1215 3823 1272 3865 an-

231 3930 372 4008 numero
379 3906 609 4004 Bodleianum,
618 3910 938 3990 Almelovenianum,
947 3912 1271 3996 Argentoratensem,

227 4010 326 4106 -c'u'jus
349 4037 417 4106 quo
439 4015 549 4086 minus
569 4015 755 4110 pleniorem
775 4016 928 4090 notitias
950 4015 1044 4082 daret
1065 4013 1277 4103 Obrechtus,¹
